3109 4959
530 463 593 531 ET
614 458 969 530 ANNOTATIONES.
1224 443 1302 524 858

203 643 271 681 rem
285 619 387 689 millia
405 621 554 678 mensium
566 619 746 678 Luceriam
764 637 938 698 componere
952 635 1050 676 annos
1062 612 1216 676 Arabicae
1229 615 1302 682 750.

197 702 342 787 praecise.
385 705 511 764 Inutiles
530 713 602 764 sunt
617 703 690 763 anai
711 702 831 763 Arabici
850 701 903 762 ubi
925 701 1075 776 Solarium
1094 701 1301 762 tantummodo

202 791 242 858 lit
257 790 390 865 mentio,
414 788 481 868 qui,
502 787 545 849 ait
564 787 711 866 Georgius
727 783 781 862 calc
795 781 859 864 sle‘.
873 785 988 868 ἡμέρας
1000 790 1057 848 τοῦ
1070 785 1211 850 ἐνιαυτοῦ
1226 805 1303 846 con·

202 874 338 935 cludunt.
384 873 504 951 Quare,
526 873 702 957 addit'aut
719 871 862 932 mendum
880 871 1080 948 Liberium,
1102 880 1147 932 est
1162 870 1303 950 Scaliger,

202 979 237 1017 ac
259 957 443 1017 humanitate
461 959 550 1017 etiarn
571 967 622 1017 tua
640 957 780 1036 dignum:
803 968 862 1016 aut
879 949 1030 1038 ἀλογιστία
1049 967 1110 1034 est,
1132 965 1213 1016 certe
1232 949 1301 1030 tua}

201 1065 297 1124 quum
319 1043 449 1122 colligat
468 1063 574 1121 annos
588 1043 709 1102 Solares
726 1048 790 1109 727
808 1041 887 1102 illud
911 1051 1012 1102 tecum
1031 1040 1115 1120 lego:
1144 1039 1209 1100 dies
1227 1044 1301 1106 289.

201 1127 364 1207 Georgium
378 1129 447 1186 illos
465 1127 621 1208 scripsisse
635 1136 687 1186 sut
703 1127 858 1206 collegisse
876 1125 992 1185 inficias
1008 1145 1058 1186 ea:
1081 1125 1203 1205 scripsit
1221 1126 1301 1184 enim

200 1212 352 1273 Librarius
375 1211 511 1274 breviato
529 1212 699 1273 charactere
722 1233 835 1271 amoses
855 1217 885 1278 6.
909 1221 937 1270 et
955 1209 1020 1268 dies
1038 1210 1071 1275 4.
1116 1210 1207 1269 Lucis
1226 1227 1300 1268 vero

201 1298 323 1377 maioris
347 1298 564 1378 comparandae
588 1297 683 1376 gratia
708 1298 831 1359 adverto
853 1315 984 1371 inenses,
1012 1304 1066 1354 aut
1084 1291 1303 1374 τριακονθημὲ·

202 1406 275 1466 ρους
294 1381 482 1443 Tricenarios
496 1403 560 1442 csse
574 1404 692 1463 semper
708 1383 834 1462 plenos,
857 1389 909 1443 aut
924 1379 1047 1441 alternis
1063 1380 1179 1438 vicibus
1196 1378 1301 1460 plenos

202 1476 232 1528 et
245 1485 344 1530 cavos.
387 1465 502 1527 Horum
519 1468 613 1527 millia
627 1488 735 1527 novem
752 1467 820 1545 (alii
832 1485 962 1545 namque
976 1487 993 1524 a
1011 1485 1125 1524 sunrma
1137 1463 1188 1522 hic
1200 1462 1301 1541 requi-

200 1551 256 1612 sita
269 1551 392 1612 omnino
406 1561 478 1612 sunt
491 1553 593 1626 alieni)
612 1553 646 1612 in
661 1553 724 1612 dita
740 1553 875 1619 265500.
892 1547 987 1612 dividi
1007 1559 1120 1608 certum
1137 1557 1202 1630 esta
1217 1546 1302 1627 pleni

201 1637 314 1718 quippe
336 1657 437 1697 omnes
463 1637 579 1697 dierum
603 1641 739 1704 270000.
760 1638 886 1712 exigunt
913 1655 1064 1696 summum
1089 1653 1179 1713 quare
1204 1635 1301 1700 4500.

198 1721 298 1802 pleni,
320 1731 351 1780 et
371 1721 439 1781 cari
454 1721 580 1782 totidem
597 1724 790 1804 praemissam
808 1723 943 1788 265500.
958 1721 1093 1780 reddent.
1138 1719 1206 1777 llies
1225 1717 1300 1776 istos

199 1805 226 1866 si
246 1825 301 1886 per
319 1806 391 1872 865.
409 1805 613 1882 distribueris,
640 1807 712 1885 quid
723 1806 851 1866 -lacilius
872 1825 959 1885 quam
978 1823 1125 1862 annorum
1142 1809 1215 1868 727.
1233 1802 1300 1860 die-

198 1909 325 1969 rumque
345 1889 416 1955 145.
440 1889 532 1949 idest
547 1890 693 1949 niensium
713 1891 807 1949 ferme
823 1890 970 1968 quinque,
991 1907 1147 1946 numerum
1169 1885 1300 1964 colligas.

199 1974 240 2036 Et
252 1973 313 2036 hoc
326 1982 371 2033 est
391 1974 533 2034 mendum
548 1974 625 2034 illud
645 1975 829 2052 Librarium,
852 1972 926 2032 haec
943 1965 1115 2054 allapsorla,
1137 1989 1214 2050 quae
1229 1975 1301 2028 Sca·

198 2060 326 2138 ligerum
338 2079 354 2116 a
367 2059 519 2118 Solaribus
532 2060 569 2119 ad
584 2060 714 2120 Lunares
726 2079 821 2118 annos
832 2060 1037 2118 transeuntem
1051 2057 1181 2134 impulit.
1225 2056 1301 2113 Cae-

198 2154 298 2204 terum
313 2144 395 2224 quod
409 2143 446 2202 de
458 2145 613 2203 Lactantio
630 2146 662 2202 in
680 2144 827 2203 mensium
842 2142 1071 2202 tricenariorum
1085 2142 1216 2199 favorem
1231 2137 1300 2198 sub.

196 2230 279 2305 licit,
301 2226 380 2287 nihil
395 2248 479 2288 suam
496 2229 546 2288 vel
570 2229 691 2307 Georgii
712 2249 776 2289 rem
796 2228 896 2304 iuvat,
924 2227 1009 2288 cuius
1023 2235 1167 2308 computo
1185 2245 1301 2285 menses

198 2315 256 2374 soli
270 2313 396 2373 alternis
409 2313 492 2393 pleni
512 2322 543 2372 et
555 2316 622 2391 cavi
639 2323 846 2391 agnoscuntur
861 2301 1029 2371 necessarii.

282 2399 350 2474 Pag-
370 2404 418 2464 19.
441 2391 551 2480 Πρώτη
565 2397 746 2477 devastata]
769 2399 878 2475 Regum
893 2397 1025 2474 singulos
1041 2395 1213 2474 Dynastiam
1229 2415 1301 2474 pro-

196 2482 295 2568 priam
303 2481 359 2542 sibi
367 2482 522 2543 vindicare
533 2482 666 2562 intellige
680 2504 718 2543 ex
727 2481 861 2542 Anthene
868 2501 933 2563 pag.
941 2480 1093 2561 superiore
1107 2479 1301 2540 consulendo.

276 2563 353 2647 Ἐτη
371 2561 565 2648 pud-ud]
585 2568 653 2628 Hoc
676 2578 720 2628 est
740 2561 824 2645 ped.
844 2567 896 2630 soal
914 2561 1026 2647 ἥμισυ,
1049 2564 1099 2628 nal
1116 2558 1152 2628 δ’.
1170 2562 1300 2645 τῑμὲραςε

198 2672 216 2710 a
231 2650 368 2712 Librario
385 2661 511 2735 erronee.
522 2654 651 2734 scripta,
673 2664 703 2713 et
717 2661 850 2713 erranter
864 2654 957 2730 magis
970 2672 988 2709 a
1003 2651 1150 2728 Scaligero
1163 2644 1247 2726 uad'.
1262 2643 1299 2710 δ’.

199 2756 267 2818 pag.
290 2746 392 2798 textus
408 2738 568 2798 Eusebiani
589 2745 618 2804 7.
641 2739 758 2798 reddita
776 2737 898 2797 alterius
924 2737 956 2795 in
978 2755 1044 2815 pag.
1071 2733 1315 2813 praecedentem⁵¹

198 2823 320 2881 admissi
334 2842 432 2882 causa.
473 2812 610 2900 Legenda
625 2833 725 2892 tamen
745 2821 806 2880 MS.
821 2841 934 2900 repono
951 2820 1051 2898 itaque
1064 2813 1144 2897 ψκξ.
1164 2811 1252 2882 Ud‘.
1265 2817 1301 2878 id

198 2915 245 2985 est
258 2900 339 2984 ψκξ.
355 2903 428 2986 perol
441 2903 591 2984 η’μίσεως,
612 2905 664 2968 nal
686 2910 838 2986 ceooapoiv
857 2903 988 2986 ἡμερῶν.
1033 2903 1186 2986 Perpende
1209 2898 1299 2964 natae

198 2991 379 3071 penultimae
400 2998 430 3048 et
449 2989 612 3069 superioris
628 2989 747 3050 alterius
767 2990 925 3065 minutias,
954 2987 1064 3069 quibus
1080 2987 1202 3048 tandem
1220 2981 1324 3070 ψκῖυ

197 3067 463 3153 sallpps‘n‘peptiu
476 3074 635 3154 legendum
647 3075 828 3136 admoneris.

271 3156 378 3231 Ἥλιος
399 3157 565 3234 Ἡφαίστου
585 3160 636 3241 ἔτη
656 3153 725 3239 πς’.]
739 3157 815 3240 Ἒτη
836 3153 885 3234 οἵ.
907 3156 1012 3218 lubens
1031 3155 1251 3237 substituerem.
1269 3161 1298 3222 1.

198 3244 281 3325 quod
302 3264 397 3303 annos
419 3249 469 3309 77.
489 3245 639 3323 Excerpta
656 3245 762 3304 Latina
779 3243 924 3320 Scaligeri
939 3262 977 3299 ex
997 3239 1045 3299 his
1063 3240 1134 3299 olim
1152 3242 1298 3300 translata

198 3327 358 3389 exhibeant
369 3348 436 3409 pag.
451 3333 502 3394 60.
518 3336 547 3395 2.
563 3330 634 3408 quia
649 3348 717 3387 curn
731 3347 849 3404 regum,
871 3327 936 3386 sine
954 3325 1082 3384 Deorum
1095 3345 1149 3408 sest
1162 3325 1298 3385 Vulcano

196 3414 400 3495 posteriorum
415 3413 487 3472 armi
502 3414 633 3473 Lunares
655 3415 718 3472 sint
733 3417 827 3480 2988.
842 3431 881 3472 ex
897 3409 1060 3470 observatis
1080 3419 1152 3468 nota
1172 3430 1301 3488 praeoe-

198 3500 288 3559 dente
307 3499 337 3564 4.
354 3499 386 3558 id
401 3507 445 3558 est
460 3498 532 3559 anni
545 3499 696 3558 duntaxat
717 3501 789 3564 241.
806 3498 868 3556 dies
892 3501 963 3562 181.
1006 3495 1070 3554 Soli
1086 3495 1213 3554 Vulcani
1234 3495 1298 3571 lilio

198 3586 284 3645 annis
306 3589 356 3650 86.
374 3582 545 3658 attributis3
574 3585 636 3644 eius
655 3593 686 3642 et
703 3583 928 3642 succedentium
949 3589 1079 3658 quatuor
1096 3581 1223 3645 lleorum
1238 3581 1299 3659 (in.

196 3671 382 3730 nominatum
404 3670 487 3729 cuias
509 3678 629 3748 tempus
648 3667 837 3745 incognitum
855 3669 1021 3746 praetereo)
1044 3663 1083 3722 ad
1097 3668 1168 3730 247.
1188 3674 1217 3724 et
1231 3686 1298 3724 am·

197 3754 286 3836 plius.
298 3753 459 3814 ascendere
478 3755 542 3813 sola
557 3753 734 3814 numerandi
753 3752 831 3814 ratio
853 3752 994 3811 declarat.
1036 3749 1131 3808 Annis
1151 3750 1251 3829 itaque
1266 3755 1295 3816 9.
1313 3752 1343 3808 Ρ.
1361 3753 1379 3808 9

198 3840 275 3898 Solis
297 3860 388 3918 regno
404 3859 442 3899 ex
457 3839 567 3898 vetusti
580 3839 679 3899 tatini
699 3846 800 3897 textus
812 3835 994 3896 authoritate
1011 3833 1175 3910 detractis,
1202 3844 1231 3893 et
1245 3838 1296 3899 77.

196 3924 330 3998 relictis,
351 3926 378 3983 si
394 3922 663 4002 Agathodaemonis
682 3925 733 3989 56.
752 3943 821 3981 cum
839 3920 955 3995 aredio,
978 3927 1008 3979 et
1029 3921 1092 3978 dics
1110 3924 1160 3985 10.
1176 3920 1297 3978 Saturni

198 4009 250 4075 40.
267 4028 336 4068 cum
350 4009 459 4084 medio,
474 4008 601 4068 Osiridis
614 4010 666 4078 35.
679 4006 834 4087 Typhonis
850 4010 901 4072 29.
914 4005 1099 4078 adiunxeris,
1120 4023 1157 4062 ex
1170 4003 1298 4062 collecta

198 4093 307 4154 exinde
324 4114 471 4152 annorum
491 4097 563 4159 238.
579 4102 609 4153 et
626 4094 743 4153 dierum
763 4097 812 4157 10.
828 4111 958 4169 summa,
982 4091 1044 4149 lleo
1064 4107 1210 4168 anonyma
1231 4089 1297 4160 (cu.

197 4180 248 4238 ius
271 4198 377 4237 nomen
393 4177 583 4258 Ptolisrchus
604 4179 637 4238 in
653 4177 813 4256 Excerptis
833 4177 947 4237 Latinis
968 4174 1163 4256 exprimitur)
1178 4171 1250 4232 anni
1265 4174 1296 4239 8.

197 4275 228 4324 et
242 4264 306 4324 dies
322 4269 392 4330 171.
410 4263 563 4342 regnando
577 4263 652 4323 fient
663 4263 783 4340 reliqui.

282 4342 511 4430 ’Λγαθοᾶαίμων
532 4347 584 4451 ἔτι]
605 4343 657 4419 νς’.
677 4347 728 4410 καὶ
749 4341 861 4428 ἥμισυ,
881 4343 935 4408 seul
953 4342 1068 4426 ἡμέρας
1085 4339 1178 4420 dtus]
1200 4337 1297 4400 Habet

195 4433 261 4495 MS.
280 4433 330 4514 ἔτη
346 4428 400 4506 ri.
421 4429 516 4514 ἥμισυ
535 4456 591 4494 ιω.
614 4453 690 4514 quae
712 4431 868 4492 emendate
886 4440 917 4492 ct
938 4447 1069 4512 expanm
1082 4426 1150 4508 lego
1163 4425 1214 4509 ἔτη
1228 4448 1305 4504 uer-¹-

268 4533 367 4606 (ἴσως.
384 4533 525 4604 Spnoellut.
541 4530 577 4585 ll.
