3109 4959
472 1012 702 1101 Gonu}
743 1014 1088 1092 EPISTOLA

710 1262 896 1274 ..υ-...ιιι-

627 1513 953 1580 AMPLISSIMO

352 1665 1036 1743 lLleSTRlSSlMOQUE
1077 1667 1233 1730 VlllO

737 1820 776 1887 D.
803 1819 841 1887 D.

243 1970 280 2056 P
334 1971 370 2055 E
427 1971 470 2057 T
516 1970 557 2057 R
612 1969 653 2057 Ο
749 1974 781 2056 S
833 1972 871 2057 E
924 1970 965 2058 G
1016 1970 1055 2056 U
1112 1970 1336 2069 llllh

672 2155 941 2254 relucter·

534 2269 1053 2341 cnueuutnnln

248 2476 548 2589 Cnnonoentrmnn
571 2529 656 2603 Tibi,
693 2531 902 2591 Circensium
932 2529 1178 2601 lmusrmssnre,
1210 2546 1338 2606 operoso

248 2616 367 2693 Georgii
380 2614 512 2693 syncelli
525 2614 605 2693 stylo
622 2617 734 2675 Graece
749 2618 833 2695 prius
849 2623 1036 2694 apparatam,
1058 2634 1124 2672 meo
1141 2632 1222 2671 eruite
1235 2613 1338 2671 labore

247 2700 455 2778 qualicumque
477 2700 577 2757 Latine
600 2701 781 2780 perpolitam
802 2700 842 2757 ad
860 2701 940 2758 'l'uae
961 2697 1153 2757 celsitudinis
1174 2697 1336 2777 penetralia

248 2784 337 2845 sisto:
365 2795 499 2844 veterum
515 2783 669 2843 historiam
692 2785 755 2843 suis
779 2784 968 2843 distributam
984 2783 1110 2842 saeculis
1118 2791 1335 2877 ,temporum-

249 2888 307 2947 que
329 2869 475 2927 rationem
494 2870 556 2927 suis
576 2868 754 2949 descriptam
776 2869 916 2927 cancellis
935 2868 1118 2927 Cattcellario
1136 2864 1336 2963 potentissimi

248 2954 331 3031 regni
349 2960 496 3011 nrornenta
516 2952 718 3049 rationemque
732 2964 824 3013 totam
840 2953 1016 3050 sustinenti,
1042 2951 1269 3033 praeteritorum
1284 2969 1337 3007 se-

248 3037 323 3095 riern
345 3037 538 3116 imperiorum
554 3037 642 3114 imis,
662 3060 717 3118 per
737 3040 843 3117 quod
834 3040 958 3117 nnperia
979 3047 1073 3111 stant,
1096 3055 1235 3115 supremo
1259 3035 1336 3092 Vin-

248 3120 328 3193 dici3
347 3142 455 3180 munus
469 3120 595 3199 denique
609 3121 688 3181 baud
701 3133 819 3201 gravate
834 3124 1008 3221 impositum
1021 3081 1146 3179 lloinino
1162 3119 1337 3178 benevoleu.
1405 3167 1414 3172 .

248 3206 360 3265 tissime
374 3226 436 3265 non
450 3208 506 3279 do,
528 3206 581 3264 aed
597 3207 700 3267 reddo.
743 3209 825 3283 Quid
845 3211 923 3268 enim
941 3206 1152 3266 munusculum
1174 3203 1336 3264 veltlona-

249 3289 342 3365 risun,
364 3291 446 3368 quod
464 3301 669 3367 argumentum
692 3294 766 3351 serat
788 3292 1052 3352 commendationis
1071 3289 1273 3362 levissimum,
1300 3308 1336 3346 ae

250 3393 313 3431 uon
329 3376 431 3453 potius
447 3376 578 3433 debitum
594 3396 633 3435 ex
655 3376 754 3436 allicio
773 3376 955 3437 necessitatis
971 3375 1149 3453 exigendum
1167 3371 1335 3453 appelleret

250 3457 344 3532 lllud,
367 3480 423 3519 ceu
433 3469 540 3537 sponte
556 3472 774 3536 consecratum,
797 3463 860 3519 solo
877 3480 1088 3538 normunquam
1103 3459 1243 3517 landatur
1255 3455 1336 3513 oll'e-

249 3543 343 3601 rentis
362 3545 478 3619 auimo,
508 3541 583 3620 hoe,
603 3547 672 3622 qnia
694 3546 766 3606 iuris
788 3556 847 3620 est,
873 3545 932 3603 nisi
953 3546 1058 3605 lubens
1073 3565 1109 3601 ae
1128 3541 1334 3620 tempestivum

250 3627 388 3702 accedat,
407 3637 437 3687 et
453 3626 562 3687 vitium
577 3631 672 3703 arguit
686 3632 813 3696 molatae
828 3631 972 3704 iustitiae,
994 3638 1024 3687 et
1040 3628 1204 3686 debitorem
1221 3624 1334 3703 accepti

249 3707 385 3770 beneficii
406 3712 526 3771 damnat
549 3712 758 3775 immemorem.
802 3717 869 3772 Una
888 3723 970 3772 certe
991 3712 1065 3769 mibi
1087 3710 1145 3770 tuit
1161 3719 1191 3767 et
1215 3728 1290 3767 onus
1305 3716 1336 3767 et
1428 3759 1430 3762 ,

248 3795 423 3854 beneficium
436 3795 609 3854 demandata
623 3799 754 3874 syncelli
766 3798 873 3857 dessio.
914 3798 979 3854 'l'ua
993 3816 1061 3854 cum
1075 3794 1129 3869 sit,
1151 3814 1258 3853 ieiunus
1270 3795 1335 3873 ipsa

239 3878 396 3955 debitum,
416 3880 582 3957 iustamque
598 3890 608 3937 t
613 3880 653 3937 ibi
666 3901 747 3938 nnnc
764 3882 888 3957 gratiam
907 3884 1017 3955 refert,
1038 3890 1069 3938 et
1082 3898 1189 3936 novam
1205 3879 1336 3959 supplex

248 3964 405 4042 efflagitat:
427 3964 466 4023 ad
481 3965 560 4022 Tuos
576 3965 693 4023 admitti
709 3976 884 4045 eoirspectus
898 3966 1004 4039 ambit,
1027 3973 1056 4021 el
1077 3964 1233 4041 Georgium
1254 3966 1336 4040 Syn·

250 4048 358 4107 cellum
381 4057 498 4123 secuta,
520 4069 605 4127 quem
624 4049 710 4128 prius
727 4062 874 4124 assecuta,
898 4049 1057 4127 Georgium
1075 4047 1173 4127 ipsum
1196 4047 1336 4106 advenire

248 4134 385 4209 nunciat,·
406 4143 437 4193 et
460 4134 645 4209 censualem,
666 4153 725 4214 qua
745 4135 1017 4213 praestantissimos
1032 4133 1143 4212 excipis
1163 4133 1333 4211 scriptores,

249 4216 304 4276 sibi
323 4218 428 4277 merito
447 4216 617 4297 pollicetur.
660 4219 816 4296 Syncellus
832 4221 905 4279 olim
926 4219 957 4277 in
980 4218 1136 4295 byzantini
1158 4214 1334 4275 Patriam-bii

246 4301 446 4380 penetralibus
461 4310 640 4381 conceptus,
663 4301 742 4363 inter
761 4302 989 4383 sapientissimas
1007 4303 1112 4380 llegiae
1133 4300 1332 4360 Bibliothecae

246 4405 317 4466 opes
329 4386 456 4450 latenter
468 4397 618 4463 servatus,
638 4385 697 4448 ism
713 4387 797 4467 quasi
815 4396 986 4468 recuperata
1005 4388 1073 4448 luce
1090 4386 1256 4463 redivivus,
1278 4385 1331 4444 ite·
