3109 4959
223 391 277 469 to
516 374 521 385 '
609 399 651 469 c.
673 398 715 470 e.
735 400 941 470 aurocen
1064 469 1071 480 ,

227 558 462 641 Μακκαβαϊκοῖς
477 556 596 635 irrepsi.
621 590 662 603 —
683 554 722 615 Et
735 576 800 637 pag.
814 562 889 626 273.
906 559 943 619 Gr
966 557 1007 622 Ἡ
1022 562 1082 623 reio
1104 560 1316 644 Μακαβαῖον

227 640 361 725 ἱστορικὴ
382 638 486 726 γραφή
504 639 575 715 eoric
591 634 743 721 Ἑλλήνων
762 645 894 723 βασιλεῖς
915 640 975 709 alati
996 638 1167 726 Ἀντιγόνου
1181 641 1316 729 dochini,

227 726 269 809 ἣν
280 721 419 808 Ἰώσηπος
433 728 581 810 ἔγραψεν,
601 720 668 807 ἥτις
680 730 740 789 τῶν
754 724 810 808 μὲν
822 724 1036 793 &concedatur
1051 724 1108 795 oo’a
1128 730 1224 808 ἔστιν,
1246 754 1317 815 χρη·

227 813 299 895 cipri
315 812 348 876 dl
359 808 440 875 πάνυ
453 812 598 889 πέφυκεν.

312 898 424 957 'lamen
437 898 469 955 in
482 893 540 955 hoc
553 896 621 954 loco
636 914 702 974 pag.
716 899 788 962 973.
800 894 866 955 lieri
878 917 942 957 nou
954 907 1068 979 potest,
1090 898 1163 979 quin
1175 896 1331 961 historiae-

120 973 122 977 ’
225 982 341 1063 peritus
357 980 534 1040 offendatur.
556 1010 557 1015 κ
576 979 818 1040 Maccahaeorum
835 981 905 1043 libri
921 1003 1025 1061 regum
1041 984 1196 1063 Syriarum
1211 982 1317 1044 hiato-

226 1067 302 1128 riam
326 1086 387 1125 aon
413 1064 450 1124 ab
471 1066 628 1144 Antigono
648 1064 812 1145 incipiunt,
841 1066 898 1125 sed=
915 1065 952 1125 ab
973 1069 1130 1127 Antiocho
1150 1068 1318 1147 Epaphum.

228 1152 387 1229 Antigoni,
410 1151 493 1229 quod
512 1147 651 1226 memini,
673 1169 711 1208 nc
724 1151 835 1208 mentio
849 1151 968 1229 quidem
982 1155 1060 1213 lacta
1076 1164 1121 1213 eat
1132 1153 1164 1211 in
1181 1152 1317 1213 cornibus

226 1235 470 1320 Maccahaeorum
483 1235 576 1294 libris.
597 1268 640 1280 -
662 1233 764 1311 Dicas,
786 1254 896 1295 nomen
909 1237 1050 1317 Antigoni
1064 1256 1194 1298 errorem
1207 1237 1320 1297 scribae

226 1341 310 1396 esse,
340 1341 374 1379 ae
403 1320 578 1397 legendum,
609 1318 655 1378 uti
685 1320 802 1379 Gnarus
832 1340 949 1399 quoque
973 1325 1080 1400 vertit,
1107 1315 1320 1403 Ἀντιόχου.

226 1404 294 1465 Hoc
307 1416 406 1467 autem
419 1404 540 1464 nomine
555 1404 671 1485 posito,
695 1404 767 1482 quid
779 1412 862 1463 totus
875 1403 927 1463 hic
939 1406 1024 1466 locus
1039 1406 1076 1467 de
1088 1405 1237 1467 Antiocho
1249 1405 1322 1486 Epi-

226 1488 326 1573 phane
339 1510 374 1549 ac
386 1489 471 1549 libris
483 1488 726 1549 Maccahaeorum
742 1488 799 1546 eibi
813 1489 881 1548 vult
893 1490 947 1549 aab
960 1492 1068 1551 titulae
1088 1484 1189 1565 Ἀσίας
1204 1474 1336 1571 πρῶτοί

228 1572 303 1657 perri
329 1566 526 1655 Ἀλέξανδρον
546 1567 713 1658 Ἀντίγονος
735 1572 949 1654 ἔβάσὶλενσενῖ
972 1607 1011 1622 ·-
1034 1575 1200 1653 Antigonus
1217 1583 1324 1652 regnat

228 1661 265 1721 A.
281 1659 320 1719 M.
335 1658 511 1739 (secundum
528 1657 781 1739 computationem
797 1656 929 1739 Georgii)
946 1660 1046 1736 5171,
1067 1657 1232 1719 Antiochea
1248 1679 1322 1719 vero

228 1743 400 1825 Epiphanes
416 1745 508 1810 5310.
552 1742 686 1803 Goniicio
703 1744 811 1821 igitur,
833 1741 907 1811 haec
926 1744 1018 1804 verba
1032 1746 1066 1803 iu
1083 1764 1209 1824 prorsus
1224 1744 1322 1802 alieno

229 1829 299 1888 loco
317 1830 354 1888 ab
371 1828 466 1888 aliena
481 1849 572 1888 manu
585 1829 701 1889 intrusa
718 1848 794 1905 ease,
817 1847 907 1909 quam
921 1848 994 1888 vero
1009 1829 1048 1888 ob
1063 1849 1182 1888 causam
1204 1848 1262 1888 non
1275 1828 1323 1887 le-

229 1916 318 1989 vius,
341 1912 440 1973 immo
468 1915 586 1992 gravius
609 1914 813 1973 testimonium
838 1912 936 1973 verbis
953 1933 1020 1994 pag.
1044 1914 1117 1981 249.
1139 1914 1263 1991 darent,
1289 1912 1324 1971 iu

229 1998 337 2078 quibua
349 1997 493 2078 Iosephus
507 2009 611 2058 auctor
626 1998 869 2057 Maccahaeorum
886 2018 947 2059 esse
959 2006 1060 2079 aperte
1073 2007 1222 2062 narratur.

313 2083 453 2143 Attamen
476 2082 554 2142 hanc
575 2083 761 2163 opinionem,
780 2082 940 2163 loaephom
965 2092 1094 2163 quatuor
1118 2084 1265 2143 librorum
1287 2081 1325 2142 de

229 2165 412 2226 Maccabaeia
434 2175 586 2227 auctorem
607 2188 687 2243 ease,
719 2168 828 2227 nullibi
850 2169 969 2247 reperit
999 2188 1033 2226 ac
1055 2170 1118 2227 fere
1138 2166 1325 2242 crediderim,

231 2250 394 2327 Georgium
412 2252 533 2311 nomine
550 2253 680 2311 auctoris
702 2252 801 2329 quarti
816 2250 886 2310 libri
899 2252 1146 2312 Maccahaeorum
1157 2254 1325 2331 deceptum,

230 2344 260 2395 et
273 2336 354 2415 quod
372 2335 514 2415 Iosephus
528 2335 562 2393 in
580 2337 667 2395 rebus
686 2334 927 2393 Maccahaeorum
947 2335 1120 2395 enarrandis
1139 2335 1271 2415 primum
1285 2334 1326 2392 li·

229 2419 318 2480 brum
343 2420 584 2490 Maccahaeorum
608 2429 704 2479 totum
728 2420 790 2480 sere
813 2416 966 2496 exhaurit,
988 2439 1091 2478 omnes
1113 2418 1208 2478 libros
1231 2420 1327 2479 eidem

231 2504 350 2565 auctori
370 2505 523 2565 tribuisse:
546 2524 720 2583 quamquam
744 2524 795 2582 ego
811 2503 932 2581 quidem
956 2524 1053 2583 neque
1071 2503 1104 2563 in
1125 2514 1231 2585 quarto
1248 2505 1327 2565 libro

230 2590 377 2651 rationem
391 2588 509 2670 loseplri
524 2610 581 2649 nec
600 2588 749 2667 cogitandi
762 2606 821 2647 nec
835 2588 956 2647 dicendi
970 2590 1067 2648 video.

315 2674 426 2737 veram
444 2675 597 2735 enimvero
618 2676 652 2733 in
664 2671 774 2732 horum
789 2672 933 2733 librorum
948 2693 1006 2731 usu
1019 2682 1159 2753 apparet,
1180 2672 1214 2731 ni
1228 2664 1326 2748 fallor,

231 2757 393 2837 Georgium
404 2761 493 2820 rebus
505 2769 586 2819 recte
598 2758 800 2819 diiudicandis
808 2756 890 2816 lraud
899 2757 970 2817 satia
981 2758 1122 2817 idoneum
1134 2778 1210 2818 ease:
1231 2757 1327 2817 omni.

229 2842 288 2903 bur
299 2842 541 2904 Maccahaeorum
555 2843 639 2903 libris
652 2842 785 2905 eamdem
799 2842 1008 2902 auctoritatem
1022 2842 1144 2920 tribuit,
1166 2864 1223 2903 nec
1235 2844 1328 2903 verbo

232 2926 354 3006 quidem
373 2927 504 3003 indicat,
526 2928 657 3008 primum
681 2927 793 2987 librum
815 2936 845 2986 et
864 2927 1103 3006 antiquissimum
1123 2937 1153 2986 et
1169 2928 1328 3005 integerri-

233 3031 316 3086 mum
338 3011 460 3071 caeteris
474 3013 538 3072 aine
553 3012 634 3071 om'ni
653 3011 841 3072 dubitatione
860 3013 1089 3092 pracl'erendnm
1110 3033 1182 3076 eaae.
1226 3011 1328 3091 Origi-

233 3097 316 3157 nitus
328 3095 467 3156 hebraica
480 3098 611 3177 scriptur
623 3097 697 3157 suit:
719 3116 790 3155 nam
804 3096 938 3175 Originae
952 3095 997 3179 (in
1008 3096 1126 3157 Eusebii
1138 3096 1243 3157 histor.
1256 3096 1329 3161 eccl.

235 3179 287 3242 Vl.
310 3201 374 3261 cap.
393 3178 458 3262 95.)
480 3181 552 3242 citat
573 3180 695 3243 titulum
708 3180 887 3241 llebraicuru
904 3178 1037 3262 Σαρβήθ
1053 3180 1193 3265 &pilari
1213 3182 1246 3245 tt
1265 3182 1288 3243 i.
1303 3200 1329 3244 e.
1364 3183 1375 3248 J

237 3256 279 3344 bt}
292 3280 342 3352 ’ῃ
356 3269 417 3353 tajtg
437 3274 543 3351 harag,
564 3265 690 3327 historia
705 3266 877 3347 principum
890 3265 1023 3325 liliorum
1037 3267 1109 3344 Dei,
1131 3278 1161 3326 et
1175 3266 1329 3346 Hierony-

234 3365 302 3409 mus
316 3350 349 3408 in
362 3351 486 3431 prologo
500 3352 615 3430 galeato
629 3362 748 3427 narrat,
770 3371 801 3411 se
815 3351 1057 3411 Maccahaeorum
1072 3352 1204 3432 primum
1216 3351 1329 3410 librum
1415 3426 1419 3431 ι

233 3431 417 3494 Hebraicunr
431 3436 587 3516 reperisse.
630 3438 744 3497 calmet
755 3437 775 3501 l.
797 3456 824 3497 c.
843 3435 946 3512 addit,
966 3434 1027 3494 iam
1045 3436 1168 3513 longum
1182 3454 1237 3516 per
1252 3442 1329 3493 tem·

234 3536 293 3599 pua
306 3516 487 3580 Hebraicum
499 3521 688 3601 deperditum
701 3541 764 3581 esse
778 3520 883 3581 videri.
925 3520 1047 3579 Memini
1059 3540 1130 3580 vero
1144 3540 1162 3578 a
1174 3518 1241 3578 viro
1254 3537 1329 3598 quo-

236 3602 308 3664 dam
321 3600 495 3664 doctissimo
511 3608 632 3683 audire,
652 3607 687 3665 iu
706 3604 888 3665 bibliotheca
907 3603 1121 3682 [limburgensi
1136 3603 1274 3683 publica,
1295 3602 1330 3662 in

236 3706 296 3767 qua
312 3686 411 3766 plures
433 3688 504 3746 libri
525 3691 719 3771 manuscripti
739 3689 873 3749 hebraici
890 3688 1098 3769 reperiuntur,
1119 3707 1183 3747 ease
1197 3687 1329 3769 primum

235 3771 347 3833 librum
378 3770 620 3845 Maccahaeorum
666 3774 902 3853 manuscriptum
937 3772 1121 3832 hebraicum.
1155 3805 1200 3822 -
1241 3771 1330 3833 Liber

236 3854 383 3918 secundus
392 3856 489 3915 multo
500 3860 649 3919 recentior
659 3868 706 3917 eat
716 3879 753 3917 ac
761 3859 887 3927 similior
900 3856 1038 3931 carmini,
1060 3877 1151 3936 quam
1163 3857 1330 3918 narrationi

237 3960 337 4002 rerum
355 3949 511 4020 gestarum.
539 3942 642 4003 ¹Liber
661 3943 785 4017 tertius,
806 3942 945 4002 meritae
965 3939 1066 4000 bibliia
1079 3942 1188 4001 nostris
1204 3942 1329 4022 eiectus,

237 4026 346 4107 plenus
362 4033 408 4086 est
422 4025 701 4088 absurdissimamm
715 4027 901 4105 fabularum,
922 4025 1095 4086 nominibus
1107 4024 1261 4088 historicis
1275 4028 1332 4088 in-

305 4173 368 4229 libri
381 4174 591 4231 Maccahaeorum
611 4192 661 4228 aon
686 4190 768 4245 usque
789 4175 824 4233 ad
849 4174 949 4229 Christi
971 4175 1084 4230 natalem
1102 4174 1171 4231 diem
1190 4175 1331 4249 pausant.

306 4250 335 4297 at
346 4244 444 4315 scripta
456 4244 559 4316 losephi
573 4262 624 4297 non
637 4243 715 4298 solum
726 4262 769 4297 rea
787 4250 875 4314 gestas
890 4245 1043 4299 ludaeorum
1061 4262 1143 4317 uaqm
1155 4246 1189 4299 ad
1201 4244 1332 4301 christum

306 4320 408 4377 uatum,
425 4330 513 4368 aarum
530 4312 607 4369 etiam
625 4322 683 4383 post
702 4312 765 4367 chr.
779 4321 835 4367 nat.
849 4319 962 4369 aarraut.
1004 4315 1044 4371 Et
1059 4313 1146 4384 lm,
1159 4316 1189 4371 ia
1201 4331 1253 4387 qua
1267 4313 1333 4369 baec

306 4381 387 4437 verba
402 4384 535 4454 leguntur,
550 4399 712 4456 nequaquam
728 4391 807 4454 aptos
819 4388 868 4439 eat.
