3109 4959
526 426 586 497 ET
610 424 963 502 anuurauouus
1225 417 1302 497 643

210 584 348 647 mutandi
361 592 537 665 possetesse
549 592 621 644 note
637 582 828 662 certissime,
843 582 902 645 nisi
917 603 966 645 ms
981 581 1224 667 numerisq'.18.
1238 586 1300 649 MS.

209 672 243 729 in
265 672 400 730 onmibus
421 670 594 744 consensio,
622 678 652 729 et
671 689 760 749 quam
779 668 917 751 superius
938 668 1091 731 observavi
1112 693 1181 733 cum
1202 673 1302 733 Tbeo·

209 755 308 835 pisane
325 755 442 832 Georgii
455 754 616 815 concordia
627 755 780 815 retineret.
801 753 890 828 Quod
905 755 1015 815 veritas
1030 765 1187 836 extorquet
1197 757 1302 818 lubens

210 842 314 899 fateor.
336 840 434 899 Annos
446 843 496 905 18.
518 839 585 897 Lini
602 837 794 899 Pontiiicetus
808 848 947 899 sanuserat
958 839 1125 918 Georgius?
1146 842 1206 901 Sub
1222 844 1303 903 Tro·

210 925 277 983 iano
301 924 407 1000 igitur,
436 923 518 1003 qued
539 923 703 983 communis
725 921 940 1003 chronologiae
962 944 1025 985 vox
1046 924 1168 1000 asserit,
1187 937 1302 1007 marty·

209 1011 286 1068 rium
303 1008 436 1069 Clemens
451 1008 580 1069 subiicit.
610 1008 743 1067 Clemens
763 1006 795 1065 in
808 1009 967 1067 adversum
980 1008 1058 1068 circs
1071 1009 1230 1069 Domitiani
1248 1012 1299 1070 in-

208 1094 328 1153 teritum
350 1116 366 1151 a
386 1094 550 1153 Domitiano
573 1093 669 1153 iussus
687 1101 731 1152 est
748 1092 901 1152 interimi?
928 1093 1021 1153 Linus
1039 1094 1138 1173 itaque
1157 1115 1218 1152 non
1239 1096 1300 1154 nisi

207 1177 336 1257 scriptos
352 1179 389 1238 ab
403 1178 529 1237 Eusebio
544 1198 638 1237 armos
654 1182 703 1243 11.
719 1186 821 1258 potest
835 1176 983 1239 obtinere:
1005 1186 1093 1257 atque
1105 1178 1148 1237 ita
1169 1179 1301 1259 scriptor

206 1264 284 1324 idem
300 1263 417 1322 sibimet
433 1262 599 1342 oppositus.

289 1342 507 1428 Ἀλεξανδρείας
525 1344 558 1429 γ’.
575 1346 738 1418 ἐπίσκοπος
758 1342 920 1426 Αἰμίλιος]
949 1343 1081 1405 Primum
1100 1345 1300 1408 Alexandriae

206 1433 373 1493 rraesulem
389 1432 504 1492 Aether
523 1441 613 1513 putot
633 1431 783 1507 Marcum,
807 1430 968 1491 secundum
985 1430 1148 1506 Attianum,
1170 1434 1299 1510 tertium,

205 1516 288 1576 bunc
304 1518 479 1591 Aemilium,
502 1537 588 1595 quem
604 1515 734 1574 Abilium
753 1515 858 1575 scribit
875 1515 1035 1591 Eusebius,
1054 1516 1177 1579 Barber.
1192 1518 1301 1599 Αίγμί·

206 1600 287 1671 isos,
311 1603 408 1662 Perea.
430 1597 577 1683 Ἀμίίιον.
603 1600 674 1662 Eius
696 1600 887 1661 Pontificatui
905 1599 1050 1660 tredicem
1069 1622 1163 1662 anuos
1178 1603 1301 1665 ascribit

205 1686 357 1746 Eusebius.

289 1771 356 1847 Peg·
369 1770 442 1837 345.
454 1762 664 1851 Ἱεροσολύμων
677 1768 841 1843 ίπίοποπος
851 1762 889 1849 γ’.
901 1761 1042 1848 Ἰούδας]
1058 1767 1145 1828 Iudae
1155 1769 1301 1831 Hieroso·

204 1854 355 1934 lymorum
372 1856 518 1913 Antistius
533 1855 613 1913 tertii
625 1854 834 1914 Pontificatum
846 1854 884 1912 ad
899 1873 1010 1913 annum
1024 1873 1041 1911 a
1054 1855 1160 1915 muudi
1174 1856 1300 1915 conditu

204 1942 297 2005 6587.
321 1948 386 1997 cta
410 1939 519 1998 Christi
534 1948 604 1999 ortu
626 1943 675 2005 87.
698 1940 792 2000 refert
812 1937 972 2015 Georgius,
992 1936 1079 1999 cuius
1101 1949 1174 1999 nota
1196 1960 1229 1999 ea
1253 1950 1299 2001 est
1383 1956 1386 1962 ’

204 2024 387 2098 certissima,
409 2025 489 2103 qued
510 2043 544 2082 eo
564 2023 668 2083 mundi
683 2031 714 2081 ct
731 2021 843 2081 Christi
860 2024 963 2081 aetatis
982 2044 1105 2084 numero
1120 2025 1175 2085 sub
1198 2025 1297 2104 primo

202 2108 327 2190 paginae
343 2109 445 2167 limine
460 2108 592 2185 signato,
613 2106 738 2165 eundem
759 2127 880 2167 rursum
901 2106 984 2187 qumi
1008 2108 1238 2170 confirmaturus
1257 2111 1299 2169 li·

202 2213 258 2253 nea
290 2202 473 2273 praesentem
500 2201 614 2250 textum
641 2200 781 2271 sequente
811 2201 944 2271 repetat,
975 2194 1108 2274 adeoque
1126 2194 1233 2270 iudae,
1261 2203 1299 2257 ut

202 2276 357 2356 praemisi,
386 2277 584 2336 Praesulatunr
607 2274 645 2335 ad
662 2296 730 2336 eum
749 2276 909 2339 devinciat.
938 2279 1101 2359 Suspectus
1118 2279 1298 2343 nibiludas

203 2362 279 2423 ister
299 2362 335 2419 de
349 2382 408 2441 quo
422 2362 458 2420 ad
474 2382 538 2439 pag.
553 2361 626 2427 347.
639 2371 710 2420 notu
725 2382 786 2441 seq.

287 2446 353 2523 l'ag·
375 2447 446 2512 347.
467 2440 675 2527 Ἱεροσολύμων
690 2446 854 2519 ἐπίσκοπος
867 2438 903 2527 y'.
915 2438 1066 2526 Ἰοῦστος]
1090 2448 1136 2508 An
1159 2466 1223 2508 non
1242 2446 1296 2508 iu·

202 2530 254 2591 das
268 2541 338 2593 uota
350 2530 500 2611 superiore
517 2530 682 2589 celebratus
695 2531 800 2591 tertius
816 2530 884 2590 est?
907 2530 947 2589 Ut
963 2531 1037 2609 quid
1052 2530 1104 2590 bic
1122 2532 1219 2591 Iustus
1234 2532 1296 2591 ite·

200 2636 267 2676 rum
289 2617 411 2691 tenuius,
438 2615 547 2693 reliqui
564 2615 693 2674 nurneris
712 2615 938 2675 succedentibus
962 2616 1176 2675 recensentur?
1204 2617 1293 2689 Quod

200 2700 288 2759 Iudas
304 2700 355 2759 illc
370 2700 495 2759 Eusebio
512 2708 540 2757 ct
555 2698 722 2779 Nicephoru
739 2704 874 2777 ignotus,
896 2720 913 2756 a
935 2699 1062 2776 Georgio
1078 2700 1167 2759 suerit
1179 2700 1294 2761 fortas-

200 2786 241 2845 sis
258 2786 410 2860 intrusue,
431 2794 462 2843 et
476 2784 553 2844 intra
572 2793 740 2843 assereretur
756 2784 862 2844 ordine
878 2786 1028 2863 praesules
1043 2785 1106 2843 siue
1119 2786 1225 2862 ordine
1239 2806 1296 2846 nu·

199 2870 341 2931 meratus.
370 2871 406 2929 Ei
427 2880 526 2929 tamen
549 2870 764 2929 successionem
784 2878 814 2929 ct
838 2870 954 2928 numeri
980 2869 1115 2929 ordinem
1128 2869 1160 2927 in
1176 2872 1296 2931 Canens

201 2952 351 3014 Chronico
365 2955 466 3015 ecrisui
485 2955 711 3031 assignandum,
732 2974 770 3013 ne
783 2955 832 3013 vel
847 2954 883 3012 ab
896 2953 1031 3014 Aethere
1042 2954 1202 3015 admissum
1223 2956 1294 3017 reii-

201 3057 315 3115 cerem,
343 3040 392 3099 rel
407 3043 440 3099 in
455 3038 517 3099 cius
540 3060 731 3100 numerorum
747 3039 824 3099 male
846 3039 989 3119 digestam
1007 3040 1113 3099 seriem
1131 3038 1294 3103 iircurrisse

199 3121 327 3184 viderer.

284 3208 351 3283 Peg.
371 3204 444 3272 348.
470 3206 572 3291 Λυσίᾳ
592 3200 733 3290 Κοίντῳ]
761 3206 796 3266 In
815 3206 906 3267 verba
927 3206 1000 3281 ista,
1027 3208 1142 3285 Lysiae
1165 3206 1292 3285 Quinte,

198 3291 349 3351 Ponticus
365 3292 508 3351 Notarum
520 3291 553 3350 in
566 3292 724 3351 Eusebium
742 3311 808 3371 pag.
829 3295 899 3359 603.
915 3291 1035 3353 scribite
1062 3290 1230 3351 Foedsuom
1243 3316 1293 3352 or·

198 3377 416 3457 thogrophs'am
434 3374 519 3435 docet
539 3378 588 3435 νίν
605 3376 801 3435 doctissimus
815 3372 1017 3437 casaubonus
1036 3380 1071 3435 in
1089 3380 1292 3457 bparts'anum

192 3483 270 3541 pag.
293 3468 345 3529 27.
362 3472 390 3519 rt
403 3460 562 3538 legendum
582 3462 695 3535 Lusio,
720 3482 781 3541 pro
803 3463 927 3539 Lysiae.
960 3463 1117 3542 imprimis
1140 3461 1227 3543 quod
1243 3466 1292 3523 s'ta

197 3549 369 3605 nominetur
381 3570 401 3605 a
414 3549 596 3626 Spartiatae,
617 3558 644 3605 et
659 3547 824 3605 Aesemiaao
838 3546 890 3605 h'b.
909 3550 962 3615 29.
977 3546 1053 3605 dum
1070 3548 1239 3627 loquuntur
1253 3545 1292 3604 ds

197 3633 296 3690 Laesio
319 3626 526 3691 strenuissimo
549 3635 626 3691 inter
650 3634 780 3691 Traiani
795 3630 911 3691 Duces:
929 3644 1085 3711 praeterea
1099 3630 1183 3712 quod
1198 3628 1292 3693 Geor-

195 3718 270 3794 gius
285 3718 457 3776 Monachus
469 3717 583 3776 ussthor
597 3718 742 3793 Graecus,
760 3720 817 3796 qui
830 3728 912 3775 extat
926 3720 961 3776 in
969 3716 1161 3777 Bibliotheca
1175 3718 1290 3795 Regia,

197 3810 226 3856 et
245 3800 333 3859 codes·
350 3802 523 3861 Clarissimi
540 3804 662 3863 Petarie‘
680 3800 804 3861 eandem
823 3805 1008 3882 scripturam
1018 3800 1193 3861 adhibeant.
1214 3799 1290 3858 Sub.

198 3882 244 3941 dit
256 3883 386 3949 inferius.
416 3884 572 3949 Caeterum
593 3898 628 3945 ut
648 3884 892 3956 commordentes
907 3908 1093 3965 sunursopere
1115 3881 1291 3945 Casauboni

196 3988 350 4027 summum
363 3970 521 4049 studium,
544 3975 596 4048 ita·
605 3976 800 4052 agnoscimus
814 3992 881 4031 eum
895 3970 1049 4051 deceptum
1063 3969 1102 4028 ab
1118 3989 1166 4044 eo,
1188 3972 1244 4048 qui
1260 3972 1289 4027 εί

188 4050 286 4130 fldem
294 4056 433 4130 fecerat,
455 4059 502 4114 ita
521 4055 626 4115 haberi
640 4060 673 4115 iu
692 4054 793 4116 codice
808 4059 941 4115 Patavii.
970 4054 1055 4115 Addo
1074 4052 1187 4133 pariter
1201 4054 1289 4113 foede

196 4135 391 4216 imposuisse,
410 4140 463 4217 qui
481 4140 604 4218 Regium
619 4141 752 4201 codicem
766 4141 809 4199 ita
826 4141 937 4201 referre
957 4147 1083 4199 testatus
1102 4145 1156 4199 est.
1189 4138 1287 4199 Semel

196 4220 297 4301 itaque
311 4222 463 4285 etiterum
477 4224 580 4284 dolum
592 4246 697 4307 passus
711 4233 756 4284 cst
769 4225 969 4288 Cassubouus.
997 4221 1045 4283 An
1058 4220 1220 4301 Quietum,
1235 4223 1287 4284 vet

196 4305 344 4380 Quintum
366 4306 446 4385 legas
472 4308 577 4369 edocet
605 4310 770 4369 Pontacus:
807 4308 923 4383 Quinte
946 4305 1174 4388 pronunciando
1205 4308 1286 4373 sares

196 4389 310 4453 Graeca
324 4392 463 4475 scriptio,
474 4413 560 4474 auae
574 4396 619 4479 τῷ
626 4440 636 4470 ,
656 4394 796 4479 Κουίντςο
808 4392 882 4455 scite
894 4391 1108 4457 emendaretur.
