3109 4959
318 1399 320 1404 ι
403 1305 502 1392 Viri
532 1304 797 1415 doctissimi,
825 1310 1086 1425 amplissimi

196 1676 370 1786 Maximus
388 1722 480 1787 Vobis
503 1717 612 1805 gratias
635 1726 720 1789 Musa
744 1724 888 1789 historiae
907 1727 1014 1804 debet,
1043 1728 1125 1807 quod
1144 1729 1293 1809 praemiis,

193 1807 292 1889 gloria
304 1808 402 1871 Vestri
415 1812 534 1891 imperii
547 1810 654 1891 dignis,
675 1812 775 1872 studia
791 1813 978 1874 auditorum
991 1813 1029 1873 ud
1041 1814 1216 1888 doctrinam,
1235 1834 1296 1872 no·

193 1905 259 1956 stra
275 1902 370 1956 aetate
384 1897 473 1957 nimis
487 1896 671 1974 neglectam,
692 1898 851 1960 revocatis.
896 1898 1100 1979 Cltronologs'a
1125 1901 1180 1959 lux
1201 1899 1295 1957 histo-

194 1980 259 2041 riae
275 1978 337 2039 dici
349 1990 466 2061 potest:
487 2000 556 2039 nutu
570 1980 612 2057 si,
627 2002 709 2058 -quae
720 1993 802 2061 gesta
814 1992 902 2060 sunt,
923 1985 1093 2062 promiscue
1108 1994 1138 2043 ct
1156 1985 1218 2043 siue
1242 2006 1295 2043 or·

195 2064 269 2127 dine
281 2064 424 2145 temporis
440 2084 558 2140 narres,
579 2064 699 2125 unimus
707 2068 859 2147 permixta
872 2089 973 2127 rerum
988 2070 1075 2127 turba
1089 2070 1131 2125 ita
1148 2067 1294 2143 obruitur,

195 2159 233 2211 ut
244 2158 386 2229 tauquam
398 2149 430 2209 iu
445 2148 575 2211 tenebris
587 2148 709 2211 fluitans
722 2150 799 2211 nihil
815 2152 984 2211 &cernere
1000 2173 1057 2212 uec
1075 2161 1176 2211 tenere
1199 2161 1296 2230 queat.

193 2234 315 2296 Nostris
330 2234 450 2313 quidem
462 2234 644 2315 temporibus
657 2236 753 2295 omnis
766 2256 815 2297 res
829 2236 1039 2313 chronologica
1051 2236 1132 2297 haud
1153 2238 1297 2317 impedita

192 2319 296 2383 videri
309 2328 418 2399 potest,
440 2320 580 2399 quoniam
595 2328 624 2379 et
637 2321 744 2403 modus
756 2322 829 2381 anni
843 2322 1098 2381 observationibus
1115 2322 1297 2381 astronomi-

195 2404 242 2466 cis
259 2403 365 2465 finitus
380 2412 441 2482 est,
463 2413 493 2463 et
513 2423 659 2465 annorum
680 2424 855 2466 numerosa
877 2417 959 2467 certo
979 2407 1122 2487 temporis
1145 2406 1295 2486 principio

195 2489 360 2567 colligitur.
374 2521 418 2537 -
443 2490 544 2569 Longe
558 2509 631 2551 vero
646 2490 719 2551 aliae
735 2500 820 2552 eram
836 2491 1054 2571 Clnonologs'ae
1066 2492 1196 2553 rationes
1210 2488 1298 2567 apud

194 2576 360 2654 antiquas:
388 2594 486 2653 neque
508 2595 578 2635 vera
599 2574 671 2633 anni
699 2575 858 2653 longitudo
880 2586 1031 2654 comperta
1052 2585 1131 2651 erat,
1158 2595 1256 2653 neque
1277 2594 1295 2631 a

193 2667 281 2718 cesto
297 2656 448 2737 principio
470 2677 563 2726 anuos
584 2658 797 2725 numerabants
818 2658 890 2736 quid
907 2659 1010 2736 quod‘t
1026 2679 1068 2717 »ne
1087 2659 1125 2716 ad
1147 2679 1295 2719 annorum

193 2742 318 2821 quidem
330 2756 486 2800 numerum
503 2761 550 2799 res
565 2750 661 2819 gestas
684 2741 819 2821 digerere
833 2744 925 2804 moris
939 2752 1018 2805 eret:
1040 2744 1078 2801 ad
1092 2763 1210 2823 regum,
1232 2764 1295 2800 ma·

189 2826 390 2907 gistratum,
411 2822 589 2906 pontificum
602 2835 720 2905 tempus
734 2846 783 2885 cas
795 2828 971 2888 referebant.
984 2860 1026 2875 —
1047 2829 1149 2906 Itaque
1162 2827 1195 2886 in
1208 2837 1294 2905 gente

193 2912 386 2987 Graecorum
406 2910 529 2990 quaevis
550 2910 721 2990 respublica
738 2932 821 2971 suam
835 2910 1064 2992 chronologiam
1088 2922 1214 2991 sequuta
1233 2921 1292 2972 est:

187 2996 392 3057 Athenienses
402 3014 504 3055 rerum
521 3004 670 3073 gestarum
685 3004 804 3077 tempus
816 2995 1009 3055 &chantem
1022 2998 1207 3071 nominibus,
1230 2999 1295 3055 Lu»

190 3078 384 3142 cedaemons'i
394 3081 598 3161 Epirotarum,
618 3078 733 3161 Argivi
742 3082 829 3140 annis
833 3083 1053 3162 staminiarum
1069 3083 1197 3139 Iunonis
1210 3080 1294 3139 finie-

189 3166 283 3229 bant.
325 3162 507 3253 (Evolvstur
520 3166 589 3225 loco
606 3165 739 3225 omnium
759 3165 948 3244 thucydides
965 3168 1049 3225 initio
1068 3166 1139 3225 libri
1154 3164 1293 3223 secundi:

186 3250 332 3329 Bellum,
355 3250 476 3323 scribit,
497 3248 720 3311 Atheniensium
738 3260 768 3309 et
787 3250 1071 3331 Peloponnesiorum
1091 3249 1221 3329 incepit,
1244 3248 1294 3311 ἐπὶ

190 3337 351 3419 Χρυσίδος
370 3335 404 3401 ἐν
415 3332 520 3417 ’Ἀργει
536 3328 603 3397 τότε
621 3328 808 3414 πεντήκοντα
825 3336 912 3398 δυοῖν
928 3334 1033 3397 δέοντα
1054 3334 1104 3415 ἔτη
1122 3332 1294 3415 ἱερωμένης,

143 3473 147 3479 .
187 3420 247 3485 uel
266 3422 416 3504 Αἰνησίοο
429 3413 763 3505 ,ἘφόρουένΣποὶρτψ
783 3418 836 3482 sul
851 3414 1044 3499 Πυθοδώρου
1068 3418 1109 3481 tn
1124 3414 1182 3481 δύο
1197 3423 1295 3499 μῆνας

180 3502 353 3588 'lingonas
375 3500 569 3586 Ἀθηναίοις).
616 3504 669 3563 His
682 3503 906 3564 diversitatibus
924 3506 1149 3583 magistratuum
1170 3504 1294 3577 accedit,

187 3592 281 3673 quod
297 3592 357 3652 atti
376 3592 440 3652 alio
456 3601 584 3668 tempore
595 3609 705 3650 munus
726 3589 853 3667 inibant,
866 3609 963 3668 neque
974 3589 1045 3649 anui
1056 3588 1292 3665 magistratuum,

184 3676 248 3757 qui
269 3678 373 3748 eodem
392 3687 527 3757 tempore
541 3683 642 3751 eraut,
663 3674 743 3735 inter
759 3696 791 3734 se
805 3674 1039 3751 conveniebant,
1062 3673 1201 3754 quodque
1213 3671 1294 3751 apud

188 3760 335 3822 nationes
359 3761 477 3821 easdem
500 3761 694 3840 principium
721 3779 908 3820 summorum
933 3760 1154 3838 magistratuum
1183 3758 1294 3837 pluries

187 3844 384 3906 mutabatur.
405 3844 704 3906 ArchontesAtheuis
712 3850 915 3925 magistratum
925 3844 1038 3903 inibant
1046 3841 1293 3901 circasolstitium

187 3929 356 4007 aestivum3
377 3928 493 4012 Ephori
516 3930 730 4010 Spartanorum
750 3939 821 4012 post
834 3930 974 3989 collectas
987 3930 1087 4006 fruges
1105 3925 1293 4007 (Plutarchus

187 4015 341 4093 in'Agide
354 4034 380 4075 c.
397 4012 453 4092 15)¹
472 4034 573 4082 mense
588 4014 706 4091 Carnio,
728 4015 816 4077 ouius
830 4014 950 4075 initium
966 4034 1034 4073 cum
1047 4031 1147 4071 mense
1161 4011 1292 4089 Augusto

189 4100 358 4175 couvenit3
383 4098 525 4159 Consules
545 4100 748 4159 Romanorum
768 4101 805 4160 ab
821 4120 899 4158 anno
914 4099 1000 4158 Urbis
1020 4103 1081 4165 601
1098 4096 1232 4154 Calendis
1246 4094 1293 4153 Ia·

186 4184 323 4247 nunriis.
342 4218 382 4231 -
404 4182 449 4244 Ab
464 4203 490 4242 a.
504 4184 541 4242 U.
555 4189 616 4253 601
632 4184 717 4245 dicos
739 4204 808 4243 nam
827 4205 853 4244 s.
870 4186 933 4250 537
948 4184 1003 4242 Cn.
1023 4181 1165 4241 Servilius
1184 4178 1299 4238 consul'

186 4271 309 4330 Romae
327 4268 433 4330 Idibus
446 4266 561 4329 Martiis
577 4269 780 4349 magistratum
792 4269 862 4329 iniit
877 4270 991 4351 (Livius
1006 4267 1074 4328 libr.
1090 4264 1187 4325 xxtt.
1203 4261 1289 4343 c.,1);

185 4363 218 4415 et
240 4360 325 4415 anno
342 4352 375 4415 U.
389 4357 452 4422 261
473 4353 642 4415 Postumius
662 4354 792 4436 Agrippa
818 4363 849 4416 et
869 4355 991 4436 Spurius
1013 4352 1131 4413 Cassius
1156 4350 1293 4436 consules
