3109 4959
516 418 948 515 nrnnnomrmnns.
1206 434 1282 512 475

194 610 268 674 992.
291 603 441 666 victorum
455 600 534 664 enim
554 601 675 662 nomina
692 597 807 682 primo,
829 600 1020 682 Olympiades
1041 621 1115 664 vero
1138 621 1201 661 non
1221 601 1284 664 nisi

194 697 302 770 quarto
324 688 514 770 complentur
526 707 615 747 anno.
658 685 739 746 Haec
753 707 846 768 porro
867 688 904 746 ds
919 686 1095 748 Stadionicis
1114 685 1227 748 mentio
1244 707 1284 750 ex

194 775 350 850 Africano,
373 775 412 832 ad
431 773 516 833 cuius
529 781 665 852 tempora
683 772 754 838 248.
790 771 978 834 Stadionioae
996 783 1208 849 excurrerant,
1228 772 1284 831 de-

193 867 332 939 prompta
347 866 482 922 testatur.
516 857 587 917 Eius
599 865 712 932 autem,
733 857 784 916 val
798 875 1013 935 nonnunquam
1024 856 1152 930 Eusebii,
1174 857 1285 916 codici·

191 943 248 1002 bns
271 941 388 1003 Author
407 941 551 1020 Georgius
573 961 659 1018 usus,
681 942 771 1001 inodo
793 941 902 1016 buius,
924 939 1014 999 modo
1041 939 1123 999 illins
1144 960 1285 1003 numeros

193 1027 365 1106 imprudens
379 1023 580 1086 exscribebate
600 1027 682 1085 unde'
697 1026 735 1084 ad
752 1025 869 1086 Eusebii
884 1045 977 1085 annos
997 1025 1034 1083 ab
1053 1033 1197 1084 autumno
1217 1046 1285 1085 nn·-

192 1113 334 1172 merantis
350 1121 496 1186 mentem,
519 1112 674 1190 Olympias
692 1111 789 1190 prima
805 1108 945 1191 Aeschyli
967 1109 1097 1170 aeenndo
1116 1129 1194 1167 anno
1215 1118 1285 1168 ter·-

191 1197 321 1270 minato,
342 1196 444 1255 etalio
465 1195 586 1256 ineunte
600 1204 726 1255 asserta:
750 1196 840 1254 modo
856 1216 893 1254 ear
907 1193 1041 1256 Africani
1054 1193 1180 1252 consilio
1194 1214 1283 1251 mun-

192 1283 224 1340 di
244 1282 337 1346 4721.
355 1289 384 1339 et
405 1281 494 1340 Oziae
509 1284 561 1347 89.
581 1279 724 1360 ascripta:
749 1281 892 1339 mendoso
914 1300 1020 1341 rursus
1041 1279 1196 1338 observato
1219 1278 1284 1336 cal-

192 1365 278 1440 culo,
299 1385 360 1444 quo
375 1385 475 1424 sacrae
487 1365 611 1446 paginae
623 1363 813 1425 Genearcbae
825 1367 962 1446 proprias
977 1373 1086 1423 aetates
1099 1363 1186 1422 annis
1199 1383 1285 1421 mun-

192 1449 224 1508 di
241 1469 302 1508 mro
320 1469 407 1528 quam
422 1471 477 1530 par
492 1451 531 1509 sit
553 1471 632 1508 anno
647 1451 735 1510 citius
747 1449 852 1510 affixas
864 1458 1039 1523 numerant,
1061 1449 1162 1507 eadem
1176 1447 1283 1527 Olym-

192 1533 257 1614 pias
274 1535 427 1594 inmundi
449 1536 542 1601 4725.
560 1536 684 1596 reiectas
706 1534 756 1595 cni
774 1535 899 1594 adiectis
915 1539 986 1602 992.
1000 1543 1134 1593 extantes
1149 1532 1284 1592 intentu

192 1621 286 1685 5717.
302 1639 447 1679 annornm
462 1640 575 1679 summa
591 1620 750 1697 colligitur.
793 1619 932 1699 Adeoque
953 1639 1017 1678 non
1037 1619 1127 1677 unius
1146 1616 1283 1692 Librarii‚

193 1703 247 1761 sed
270 1702 365 1782 ipsine
385 1724 600 1784 nonnunquam
616 1705 775 1780 Anthus-is,
800 1705 852 1783 qui
873 1713 1053 1780 occurrunt,
1074 1703 1191 1783 proprii
1214 1709 1285 1761 sunt

192 1807 321 1863 errores,
345 1809 363 1846 a
376 1789 485 1868 quibua
497 1810 529 1847 ea
545 1790 734 1848 solummodo
751 1790 884 1864 ratione,
907 1788 988 1866 quod
1009 1807 1084 1868 opus
1096 1807 1158 1846 non
1173 1787 1284 1864 relega·
1404 1839 1406 1844 .

191 1871 251 1948 rit,
272 1873 321 1932 vel
335 1875 533 1946 recensuerit,
559 1873 633 1932 mibi
648 1873 846 1932 vindicandus
864 1872 1023 1930 videbitur.

276 1950 425 2036 Εὐσέβιος
438 1954 472 2018 di
484 1953 540 2034 τήν
553 1950 906 2037 πρώτην”Ολυμπιᾶδα.]
931 1952 1056 2013 Subtilis
1075 1962 1104 2013 et
1124 1959 1282 2012 accuratus

192 2036 337 2099 Arethonis
358 2041 394 2098 de
418 2040 544 2099 Eusebio
567 2040 715 2118 loquentis
737 2060 844 2101 sermo.
888 2039 1017 2106 Primae,
1037 2037 1151 2118 inquit,
1174 2038 1282 2116 Olym.

191 2123 289 2202 piadis
303 2127 431 2202 spatium
447 2133 577 2201 quatuor
595 2122 745 2182 continuis
760 2123 846 2182 assisis
861 2123 1074 2198 emetiendum,
1095 2123 1166 2181 licet
1185 2123 1284 2181 Euae-

192 2207 259 2266 bius
274 2207 363 2266 Oziae
378 2207 430 2273 49.
446 2209 495 2267 vel
508 2216 543 2266 ut
555 2208 640 2288 ponit
655 2209 785 2286 Scaliger
797 2212 847 2276 50.
872 2208 993 2267 initium
1016 2208 1134 2267 duxisse
1152 2207 1283 2285 scripse·

192 2291 249 2352 rita
270 2291 364 2370 ipsam
380 2301 479 2352 tamen
494 2292 700 2373 Olympiadem
715 2293 910 2372 quadriennio
931 2293 1136 2372 complendam
1157 2293 1283 2369 cogitet

194 2375 308 2435 claudit
328 2375 451 2435 loatban
472 2397 550 2436 anno
569 2377 676 2458 primo.
724 2377 805 2438 Hinc
822 2378 885 2456 ipse
905 2378 1029 2437 Latinus
1045 2377 1187 2436 Eusebius
1204 2396 1283 2436 anno

192 2457 351 2520 Abrahami
367 2461 458 2528 1240.
472 2482 531 2542 quo
546 2464 672 2543 primam
685 2463 767 2522 locat
784 2462 1010 2542 Olympiadema
1030 2466 1129 2522 Porro
1145 2483 1209 2538 uos,
1230 2461 1283 2536 ait,

190 2547 226 2604 iu
239 2547 347 2625 primu
365 2545 545 2626 Olympiade
566 2548 697 2607 Ioatbun
706 2550 886 2627 posuimus:
906 2547 1017 2622 idest,
1038 2547 1117 2605 intra
1137 2543 1284 2622 Olympi-

193 2649 245 2690 cae
260 2631 466 2690 tetraeteridos
489 2652 622 2692 carceres
642 2631 827 2694 inclusimus.
869 2629 960 2702 Quod
982 2630 1126 2688 Eusebius
1146 2629 1183 2686 do
1202 2627 1283 2686 ttri-
1331 2691 1335 2699 ,

193 2734 269 2774 cano
283 2715 389 2774 scribit
407 2715 582 2775 huiusmodi
604 2725 657 2776 est.
706 2718 847 2774 Primam
877 2713 1085 2793 Olympiadem
1111 2713 1283 2792 Africanus

188 2800 377 2879 ‚temporibus
404 2800 535 2860 loutban
554 2803 635 2880 regia
655 2799 863 2880 Hebraeorum
874 2801 983 2876 fuisse
1002 2797 1118 2858 scribit.
1167 2799 1283 2856 Nostra

192 2905 312 2963 quoque
327 2887 507 2964 supputatio
522 2883 629 2944 iisdem
645 2885 829 2966 temporibus
841 2906 908 2942 eam
918 2884 1061 2946 exhibuit.
1102 2883 1218 2942 Horum
1233 2901 1282 2940 oc·

192 2968 309 3026 cesione
322 2969 451 3048 Scaliger
463 2970 532 3032 Not.
545 2991 610 3051 pag.
628 2970 678 3037 64.
710 2969 741 3028 Si
757 2971 918 3030 Africanus
931 2970 1060 3049 primam
1075 2967 1284 3049 Olympiadem

194 3061 346 3130 comparet
367 3074 436 3113 cum
457 3055 555 3135 primo
580 3075 658 3114 anno
681 3053 797 3131 Acbaz,
819 3054 894 3115 salso
914 3055 1058 3114 Eusebius
1081 3074 1159 3111 arlno
1179 3053 1282 3132 ‘primo

191 3135 317 3196 Ioatban
336 3136 419 3196 illam
440 3157 507 3197 eum
528 3140 676 3216 assignare
699 3140 820 3201 scribit:
843 3150 873 3199 ct
894 3148 1054 3219 propterea
1072 3137 1138 3196 iure
1150 3157 1225 3195 cuns
1247 3156 1282 3196 co

192 3220 364 3300 expostulat
384 3221 537 3299 Georgius.
579 3223 669 3296 Quod
689 3224 714 3283 si
734 3223 931 3283 concedamus
952 3223 1049 3303 primo
1065 3220 1188 3280 loathan
1203 3243 1281 3280 arina

193 3305 404 3386 Olympiadem
417 3305 544 3386 primam
561 3309 709 3365 conlatam
723 3327 786 3366 esse
802 3307 838 3364 ab
851 3307 1010 3383 Africano,
1032 3326 1122 3385 quare
1136 3306 1281 3366 Eusebius

192 3390 283 3465 dicim
305 3399 410 3449 nostru
432 3411 551 3475 qunque
568 3395 746 3470 supputatio
773 3389 880 3450 iisdem
903 3391 1086 3470 temporibus
1105 3413 1172 3449 eam
1194 3391 1282 3448 exbi-

192 3475 284 3535 bota?
312 3475 432 3535 Falsum
452 3477 528 3534 onina
552 3475 588 3534 ab
607 3475 735 3536 Eusebio
757 3495 821 3536 eam
843 3476 941 3556 primo
963 3497 1041 3534 anno
1060 3476 1185 3535 Ioathan
1203 3476 1281 3534 ossi-

190 3561 292 3637 gnaria
313 3580 405 3640 quum
429 3559 468 3619 ad
490 3562 541 3627 50.
570 3561 692 3621 dauriae
718 3581 783 3620 eam
805 3561 971 3620 annotarit:
993 3578 1071 3620 aritio
1088 3581 1161 3621 vero
1182 3561 1279 3640 primo

191 3643 316 3703 loutban
339 3665 450 3704 annum
469 3645 590 3706 tertium
613 3647 798 3727 Olympiadis
823 3647 946 3726 primae.
993 3647 1074 3705 lluae
1095 3647 1188 3724 igitur
1208 3654 1279 3703 sunt

192 3729 446 3803 manifestissimae
465 3729 729 3809 hallucinationes,
752 3751 845 3812 quum
866 3723 990 3791 loatban
1008 3752 1065 3811 pro
1083 3730 1182 3790 Acbaz
1199 3727 1278 3807 apud

191 3809 365 3873 Africanum
383 3815 456 3894 legit
461 3861 471 3889 ,
493 3825 605 3875 etcum
622 3817 697 3876 dicit
717 3838 748 3877 se
763 3837 842 3875 anno
862 3818 958 3895 primo
975 3816 1099 3874 loatlron
1122 3813 1279 3892 Olympia-

192 3893 261 3952 dem
274 3899 422 3974 posuisse,
445 3919 520 3977 quae
533 3901 631 3981 posita
644 3910 688 3960 est
699 3903 750 3968 50.
767 3901 900 3961 naariae.
941 3902 1016 3976 Quis
1032 3898 1202 3982 dispostas
1216 3915 1279 3955 non

191 3976 338 4039 miretur?
361 3981 443 4042 Haeo
456 3985 575 4044 Eusebii
587 3987 701 4050 vindex
714 3986 853 4064 Scaliger.

281 4067 341 4124 Τοῦ
354 4063 386 4126 di
399 4061 511 4148 κόσμου
527 4065 635 4152 Ιδχοςῖ]
652 4071 725 4129 Cum
739 4071 846 4130 ultimo
854 4069 1045 4150 Sardanapali
1057 4088 1135 4126 anrao
1146 4065 1179 4124 in
1191 4085 1277 4124 mun.

190 4144 225 4291 lli
239 4143 332 4212 4676.
346 4145 495 4297 ipgiglepte
507 4151 648 4235 praesens
660 4155 753 4224 4676.
771 4157 1004 4238 componendus.
1046 4151 1201 4213 Videndus
1216 4152 1277 4211 dn-

227 4251 262 4291 nr
277 4251 343 4310 pag.
419 4279 427 4294 .
466 4281 473 4296 ,
597 4299 598 4304 ¹

274 4317 343 4394 rag.
365 4319 438 4382 198.
459 4321 585 4400 Διοίκης
601 4322 651 4402 ἔτη
663 4317 735 4403 vd'.]
757 4318 894 4402 Δηῖόκης
909 4322 947 4382 ad
961 4321 1059 4381 Latini
1073 4319 1192 4382 Eusebii
1204 4341 1279 4381 nor·

189 4417 268 4462 mam
289 4399 410 4484 reponit
425 4401 570 4484 Scaliger,
591 4403 643 4468 λό’.
663 4417 760 4467 autem
780 4409 846 4468 vice
866 4401 921 4471 vd'·
941 4406 1120 4468 scribentem
1139 4405 1206 4468 salsi
1225 4427 1278 4467 ar·
