3109 4959
543 1102 986 1173 ADCANDIDUM

217 1286 802 1389 arlrauorruu
859 1277 1372 1367 eacroaau'

436 1488 1077 1580 PRAEFATIO.

653 1700 864 1731 mv

218 1810 447 1922 creaturarum
473 1860 591 1922 infirma
618 1880 683 1922 sors
707 1860 814 1938 unies,
839 1878 895 1920 nee
922 1879 992 1920 eam
1017 1870 1140 1920 auctore
1167 1880 1222 1921 sua
1247 1880 1285 1920 ne

214 1963 273 2003 xus
299 1946 447 2004 duntaxat
470 1947 594 2005 intimus
619 1944 754 2005 homines
775 1945 897 2024 impulit
916 1965 1052 2004 sensuum
1074 1946 1176 2004 usibus
1200 1966 1303 2003 assue-

214 2038 279 2102 tos,
300 2037 335 2087 ut
355 2028 429 2086 caeli
453 2038 658 2106 terrarumque
677 2026 784 2087 *orbem
809 2030 950 2087 immensa
976 2030 1027 2085 usi
1052 2030 1122 2107 Opt.
1145 2030 1223 2087 lllax.
1245 2046 1303 2106 po-

215 2120 335 2185 testate,
353 2130 414 2169 non
426 2131 512 2192 secur
528 2132 562 2169 ac
577 2111 715 2188 globulus
731 2111 820 2189 periti
832 2109 956 2170 artificis
972 2113 1095 2185 dextra,
1118 2112 1218 2170 suleiri
1234 2111 1302 2170 exi-

214 2196 384 2269 stimarent,
404 2204 433 2261 ¹et
448 2196 649 2274 exprimerent
664 2195 823 2257 coloribus.
866 2196 964 2253 Unum
980 2195 1029 2269 id,
1051 2197 1109 2254 nisi
1126 2217 1171 2255 sne
1188 2196 1302 2274 cogita·

214 2280 258 2339 tio
287 2280 420 2359 decepit,
449 2281 634 2339 demonstrat
660 2277 759 2357 fictio,
788 2279 869 2340 orbis
893 2278 1032 2339 videlicet
1048 2282 1246 2361 principium,
1272 2290 1303 2339 et

213 2364 372 2445 temporis,
393 2384 432 2423 ex
445 2385 505 2443 quo
519 2372 651 2445 superest
667 2374 697 2425 et
709 2374 872 2443 pormanet,
894 2364 1017 2423 limitem
1030 2365 1170 2445 primum,
1185 2374 1303 2443 postre-

214 2469 371 2529 mumque,
394 2469 452 2527 quo
472 2449 638 2523 tollendus,
666 2450 843 2525 terminum,
870 2448 1064 2511 secretissima
1082 2448 1199 2528 opificia
1221 2449 1301 2509 iltius

214 2535 343 2616 supremi
357 2530 464 2592 notitia
476 2534 656 2613 repositum,
679 2533 731 2612 qui
745 2532 877 2612 figendos
891 2552 991 2595 rerum
1004 2534 1060 2593 sibi
1072 2542 1203 2593 reservat
1218 2533 1300 2607 laram,

214 2629 245 2679 et
269 2626 473 2696 tempestatum
494 2627 640 2683 momenta
657 2617 892 2692 circumscribit,
914 2620 1021 2694 quibus
1037 2628 1067 2675 et
1085 2618 1229 2676 mundum
1248 2635 1300 2695 po.

214 2704 293 2781 suit,
313 2712 343 2767 et
358 2700 501 2761 muudum
516 2702 667 2761 deleturus
680 2710 733 2762 est.
777 2700 894 2760 fluenti
909 2711 937 2759 et
954 2710 1096 2779 perpetuo
1112 2716 1234 2760 recursu
1249 2722 1299 2758 ve.

214 2788 326 2849 lutatae
345 2806 445 2846 rerum
462 2784 661 2845 vicissitudini
677 2785 745 2863 quis
765 2805 853 2863 agger
873 2786 1066 2864 quarrdoque,
1093 2795 1145 2848 aut
1165 2802 1225 2864 que
1249 2784 1298 2861 dia

214 2873 293 2933 soret
313 2870 509 2944 obiicieudus,
529 2868 666 2951 Apostoli
681 2867 726 2952 ¹),
746 2871 855 2951 quibui
876 2890 985 2930 arcana
1004 2869 1078 2929 eseli
1094 2869 1238 2942 revelata,
1254 2871 1299 2927 'ne

216 2956 325 3016 curiosi
341 2954 542 3035 inquirerent,
564 2952 713 3035 quondam
733 2954 836 3015 vetiti:
864 2954 1023 3034 eodemque
1043 2953 1168 3015 consilio
1182 2974 1220 3014 ex
1238 2974 1299 3033 pu-

214 3039 299 3099 blicis
312 3040 566 3119 familiaribusque
580 3039 749 3119 colloquiis,
765 3050 802 3099 ut
814 3060 869 3098 nee
880 3040 991 3121 scripta
1004 3038 1109 3119 quavis
1121 3039 1245 3120 epistola
1257 3036 1298 3120 ¹),

214 3124 297 3205 quasi
322 3124 441 3184 Domini
460 3124 523 3184 dies
545 3124 667 3185 ultimus
685 3126 828 3201 instaret,
853 3133 884 3184 et
902 3125 1066 3184 communis
1090 3126 1298 3183 universorum

214 3208 328 3269 adeant
338 3210 494 3283 interitus,
516 3209 686 3286 nullatenus
699 3210 887 3287 evulgatum,
910 3231 926 3267 a
941 3208 1058 3267 Christo
1074 3208 1199 3267 edoctus
1213 3227 1299 3265 com·

214 3302 315 3355 monet
331 3293 502 3371 Apostolus.
544 3293 671 3359 Fatuum
689 3292 781 3371 igitur
797 3293 942 3351 temerarii
957 3292 1173 3352 revelationum
1189 3312 1299 3372 suppo·

92 3370 99 3389 ’
213 3376 318 3453 etoris,
338 3376 424 3435 deliri
442 3377 562 3457 penitus
580 3388 611 3440 et
627 3379 659 3436 in
674 3378 837 3459 scripturis
852 3376 999 3437 levissima
1011 3378 1121 3437 armati
1134 3378 1298 3436 sommato-

214 3464 258 3526 ris
268 3470 479 3522 commentum:
506 3482 601 3521 vanae
613 3461 836 3541 astrologorum
849 3461 927 3522 inter
939 3462 1044 3522 densas
1056 3461 1151 3520 noctis
1165 3460 1299 3519 tenebras

215 3558 246 3606 at
264 3546 449 3628 perturbatos
465 3545 597 3607 siderum
619 3548 738 3608 ordines
758 3555 870 3607 secreta
891 3548 944 3607 llei
956 3555 1167 3627 sepenetrosae
1181 3545 1299 3604 iactau-

215 3632 290 3690 tium
308 3630 437 3703 salsulae:
458 3630 546 3689 inane
566 3641 597 3690 et
611 3632 703 3691 fallax
718 3630 885 3693 devotionis
901 3640 931 3691 et
945 3631 1120 3711 Prophetiae
1136 3639 1297 3709 spectrum,

215 3734 276 3794 quo
291 3716 342 3775 Dei
356 3716 450 3791 lilius,
472 3714 587 3774 deserto
610 3718 685 3777 caeli
703 3716 829 3789 throno,
849 3725 880 3776 et
894 3715 1058 3798 repudiatis
1073 3715 1170 3775 Patris
1185 3714 1299 3773 celerari

215 3800 355 3879 sceptris,
377 3801 482 3859 iterato
493 3799 525 3857 in
539 3809 646 3859 terram
659 3803 802 3879 adventu,
823 3801 903 3880 quod
916 3802 970 3861 sub
982 3799 1091 3860 iudicia
1104 3800 1212 3859 terreni
1227 3818 1300 3857 con-

215 3892 320 3963 speetu
335 3886 374 3941 ad
395 3903 426 3943 aa
446 3905 508 3944 non
523 3894 656 3964 spectare
675 3886 878 3967 praedicarit,
899 3886 1081 3966 repetiturus
1099 3895 1143 3944 ost
1156 3902 1298 3961 regnum3

215 3964 298 4049 quasi
315 3986 460 4027 annorum
477 3970 557 4029 mille
578 3970 744 4049 amplitudo
758 3970 922 4053 imperium·
936 3990 1066 4050 perenne
1081 3979 1112 4029 et
1126 3967 1299 4027 aeternitate

215 4062 278 4112 tota
291 4050 502 4131 proferendum
517 4066 699 4133 exaequaret.
742 4055 852 4129 Quoad
865 4054 944 4115 orbis
961 4055 1058 4134 primo
1076 4054 1168 4113 creati
1183 4050 1300 4133 princi-

215 4134 346 4217 pisun⁸),
362 4132 435 4193 fides
449 4138 525 4197 illucl
532 4139 649 4199 statuit:
665 4143 764 4201 ortum
780 4141 891 4220 quippe
904 4140 1006 4199 mundi
1015 4140 1166 4218 Scriptura
1183 4132 1300 4216 praedi-

218 4230 281 4283 cat:
291 4238 427 4303 quarere
441 4222 703 4306 anai'tempestats,
713 4245 773 4306 quo
781 4225 951 4285 caelestium
960 4224 1151 4307 sphaerarum
1162 4221 1231 4297 situ,
1239 4238 1300 4299 quo
1314 4305 1315 4308 Ἴ

255 4370 285 4438 t)
300 4372 357 4425 Aet
372 4373 396 4427 t.
447 4370 479 4439 Ξ)
493 4372 517 4426 l.
531 4371 651 4429 Thessal.
666 4394 724 4448 rap.
738 4378 764 4433 5.
776 4378 840 4433 et2.
853 4375 972 4431 manat
985 4390 1040 4446 cap.
1051 4375 1078 4431 2.
1129 4373 1160 4441 3)
1172 4370 1302 4427 Geneat.
