3109 4959
571 440 633 510 ET
653 439 1007 512 ANNO'I’ATIONES.
1232 433 1309 510 408

220 597 337 676 bibent,
358 595 405 658 his
425 595 550 674 adiunge
571 616 686 658 menses
705 605 774 658 octo
796 595 970 658 tricenarius
991 597 1026 658 iu
1045 597 1309 668 818210.ωοί-

218 685 331 748 vendos
348 682 505 743 confestim
517 682 598 743 elicis
613 684 726 748 34080·
741 701 887 742 summam
903 682 1000 762 priori
1017 703 1131 765 parem.

300 768 364 830 Καὶ
393 761 466 841 eosic
490 759 558 847 μετ’
579 760 672 832 adsis
697 760 732 840 ξ.
761 767 922 829 Χαλδαίων
948 766 1105 848 βασιλεῖς]
1140 768 1185 828 De
1204 768 1311 848 qussrus

215 872 283 936 pag.
296 857 347 919 90.
371 851 453 926 Quos
467 849 518 911 hic
531 862 644 933 septem
659 851 742 928 cisat,
762 870 832 911 cum
849 849 1051 930 Chosmabslo‚
1072 872 1135 914 uou
1149 862 1219 934 post
1232 873 1312 931 eum,

215 955 376 997 numerum
390 934 562 997 huiusmodi
583 955 762 1018 componere
777 935 928 1016 intelliges
948 937 1080 1019 quinque
1101 937 1212 999 etenim
1228 938 1311 1000 dun-

215 1029 301 1082 unt
314 1039 383 1081 eum
396 1021 430 1080 iu
442 1041 534 1100 regno
550 1041 701 1102 excepere.

301 1105 371 1184 Peg·
383 1111 435 1173 79.
460 1099 503 1168 Tei
519 1102 609 1168 ioanni
622 1110 678 1186 τῆς
689 1107 767 1183 ζωῆς
779 1097 876 1167 sisoi
886 1097 954 1187 aest]
975 1102 1129 1168 Adiluvio
1144 1105 1183 1166 ad
1198 1105 1312 1167 instau-

215 1197 281 1250 rata
299 1189 515 1250 Chaldaeorum
534 1201 564 1249 et
586 1191 800 1270 Aegyptiorum
818 1208 909 1267 regna
929 1200 1125 1250 numerantur
1144 1191 1217 1250 anni
1233 1181 1308 1258 684.

217 1294 342 1353 quorum
353 1275 403 1340 84.
414 1282 582 1354 postremus
593 1277 682 1334 totius
695 1272 774 1334 orbis
786 1273 947 1353 imperator
957 1273 1127 1353 brpbexsd,
1141 1279 1214 1341 860.
1228 1276 1313 1355 prio-

215 1378 265 1418 res
282 1358 415 1417 eiusdem
429 1358 510 1418 orbis
529 1369 684 1439 reparator
700 1359 763 1419 Noe
780 1358 837 1417 sibi
851 1357 1017 1419 vindicant.
1049 1361 1117 1418 Sem
1131 1379 1223 1438 regno
1239 1362 1312 1427 150.

214 1442 325 1522 reliqui
340 1441 426 1502 fiunt.
448 1441 524 1502 Vide
537 1463 603 1524 pag.
622 1447 673 1510 53.

306 1530 370 1590 Tuci
394 1523 493 1590 batte
515 1526 579 1602 ἕως
601 1522 645 1608 ε’.]
674 1525 812 1601 Qualiter
837 1523 946 1586 Pbslec
970 1534 1093 1606 quartus
1118 1527 1168 1586 vel
1189 1525 1313 1608 quintus

216 1629 312 1671 annus
327 1611 361 1670 in
377 1611 532 1672 nationum
553 1613 736 1694 dispersione
752 1609 961 1692 accipiendus,
987 1610 1154 1671 discussum
1173 1612 1312 1693 superius

215 1696 250 1755 iu
264 1713 331 1776 prg-
342 1696 393 1760 53.
407 1695 502 1757 Notis.

305 1783 353 1862 Τῷ
372 1775 464 1863 ’βφηῖ
494 1777 634 1864 ἑγὲννησε
655 1773 710 1842 edu
731 1778 852 1859 taisi]
884 1779 1030 1840 Numerus
1055 1771 1142 1862 βφέ.
1165 1779 1197 1838 in
1220 1772 1312 1863 flon'.

217 1862 432 1928 emendandus.
454 1865 592 1926 Nascitur
606 1864 717 1944 quippe
731 1864 845 1923 Cainsu
854 1863 892 1923 sb
904 1866 984 1924 edito
999 1863 1114 1922 mundo
1125 1867 1219 1930 2878.
1233 1875 1314 1924 sets·

215 1948 258 2008 tis
274 1967 346 2010 vero
362 1952 432 2014 180.
445 1947 506 2008 boo
520 1953 613 2016 2608.
628 1948 776 2025 intellige,
798 1948 913 2029 prolem
927 1947 1062 2026 suscipit.

302 2033 371 2111 Ptg·
393 2037 444 2098 80.
475 2028 582 2116 Tadeos
605 2038 648 2118 soi
666 2027 754 2116 ,βφὸἲ
775 2032 832 2096 ἔτει
845 2029 1069 2109 Noisdsiticso]
1090 2030 1315 2090 Testamentum

215 2115 295 2175 illud
318 2136 398 2176 anno
420 2116 524 2177 mundi
546 2123 639 2186 2⁶76.
662 2137 700 2177 ex
723 2116 906 2178 eorrectiore
920 2135 1046 2175 numero
1067 2113 1212 2195 (Graecus
1232 2114 1312 2202 enim

215 2193 328 2284 flocti.
340 2201 514 2262 erratsnnis
523 2199 568 2284 1.)
585 2201 740 2262 conditum
755 2221 823 2260 cum
833 2199 967 2261 Authore
981 2198 1174 2280 exposuimus
1187 2217 1253 2278 pag.
1260 2199 1312 2264 46.

215 2290 254 2345 Δ.
281 2285 325 2342 Eo
341 2285 480 2364 relicto,
506 2287 620 2346 nullius
637 2285 780 2345 momenti
791 2305 839 2345 res
852 2295 906 2345 est.

304 2371 355 2450 Tui
367 2363 466 2451 sszin'.
482 2369 540 2432 teas
553 2375 609 2432 cosi
623 2367 756 2450 uiduam]
774 2370 867 2430 Natus
879 2369 946 2429 Saia
958 2376 1026 2447 post
1040 2365 1142 2426 orbem
1156 2364 1314 2427 conditum

216 2470 297 2511 anno
310 2453 403 2518 2508.
423 2473 460 2513 ex
481 2473 578 2533 nuper
592 2453 696 2528 dictis,
723 2455 827 2512 aetatis
849 2456 921 2518 180.
940 2452 1046 2512 mundi
1068 2455 1160 2518 2638.
1177 2470 1315 2511 numera.

215 2534 283 2596 bat:
305 2546 454 2615 superstes
468 2538 575 2598 deinde
585 2537 671 2598 aunis
684 2541 757 2604 330.
773 2535 879 2596 mundi
894 2540 987 2603 2968.
1001 2536 1127 2595 excessit
1140 2555 1157 2594 s
1174 2535 1261 2594 vivis.

306 2623 356 2702 Τῷ
369 2615 484 2704 βψμβ.
496 2622 553 2685 ius
566 2618 637 2702 Σήμ
650 2617 823 2704 ἐκοιμήθη]
843 2621 973 2680 Venerat
982 2619 1062 2679 esaim
1076 2620 1109 2679 in
1123 2620 1315 2695 iucemwuo

141 2699 147 2714 ⁸
217 2703 311 2770 2142.
328 2724 387 2781 qua
403 2705 515 2784 potitus
529 2707 614 2765 anuis
630 2711 702 2771 600.
721 2705 902 2783 captivatus
916 2713 962 2764 est
974 2707 1067 2770 2712.

305 2783 478 2870 Τῷβψοοί.
494 2783 771 2868 luctuosissimum]
798 2787 961 2867 Arpbaxsd
980 2784 1095 2865 epoche
1116 2785 1183 2866 ipso
1205 2786 1315 2847 diluvii
1410 2831 1413 2834 .

217 2889 297 2930 anno
318 2890 380 2929 non
406 2873 586 2932 succedente
605 2873 719 2952 posita,
746 2881 839 2950 prout
858 2871 1035 2948 Africanus,
1062 2878 1095 2929 et
1115 2869 1314 2930 Authorcius

217 2955 381 3034 exemplari
401 2976 490 3031 usus,
511 2966 689 3032 numerant,
711 2975 801 3015 sanos
823 2974 886 3017 esse
904 2965 1071 3033 praesentes
1090 2973 1229 3015 numerus
1246 2975 1317 3015 sen-

217 3040 305 3099 tiam:
328 3039 400 3098 alias
412 3040 510 3101 Hebes
523 3042 620 3102 editus
634 3060 713 3101 anno
729 3040 883 3100 communi
896 3043 992 3107 2688.
1008 3047 1038 3098 et
1053 3039 1123 3104 184.
1141 3050 1315 3117 provectus,

219 3125 353 3183 sobolem
368 3135 506 3204 procreat
519 3131 611 3193 2772.
632 3133 662 3185 st
678 3145 716 3184 ex
734 3125 881 3183 Geneseos
903 3144 968 3203 cap.
987 3127 1038 3189 11.
1056 3133 1206 3201 superstes
1225 3124 1313 3184 aunis

219 3213 291 3274 270.
307 3208 412 3266 mundi
424 3207 517 3276 8042.
538 3209 677 3270 moritur.
705 3209 753 3269 Ex
768 3207 817 3268 his
834 3226 974 3268 numerus
987 3202 1072 3290 μα’.
1092 3206 1127 3265 in
1144 3201 1230 3292 yffi.
1247 3226 1313 3267 ruu-

217 3290 328 3350 tsudus
345 3291 378 3349 iu
390 3298 487 3350 textu.

304 3375 371 3454 Ptg·
392 3378 442 3440 81.
461 3369 666 3458 Ἀφρικανοῦ]
689 3375 828 3452 Quatuor
840 3373 994 3454 sequentis
1007 3372 1158 3450 canonia,
1179 3372 1315 3433 Africani

218 3456 363 3518 nimirum
381 3478 494 3535 unum,
521 3459 640 3521 Eusebii
661 3462 826 3521 seeundum
847 3459 932 3520 iuxta
952 3463 1002 3525 70.
1026 3458 1314 3537 interpretationem,

218 3545 344 3602 tertium
365 3544 497 3603 eiusdem
518 3546 638 3606 Eusebii
662 3546 701 3606 ad
722 3545 925 3606 Hebraeorum
946 3541 1084 3602 codicum
1103 3561 1257 3618 normam,
1283 3551 1317 3602 et

218 3637 404 3708 postremum
419 3629 456 3687 ab
471 3630 574 3691 eodem
588 3651 689 3691 rursus
703 3630 741 3689 sd
753 3630 961 3690 Samaritioum
982 3625 1134 3708 exemplar
1148 3625 1315 3706 composita

218 3711 254 3768 in
272 3732 359 3771 suum
381 3713 541 3774 Eusebium
562 3716 679 3775 derivat
697 3717 844 3794 Scaliger,
865 3714 898 3774 et
917 3713 954 3773 sb
976 3712 1018 3772 eis
1040 3710 1179 3793 (omisso,
1200 3719 1236 3771 ut
1255 3729 1315 3790 par

219 3794 296 3872 suit,
315 3799 441 3879 proprio
455 3798 576 3877 Georgii
590 3797 736 3882 canonio)
750 3799 935 3882 principium
949 3796 1069 3857 duxisse
1080 3795 1242 3857 Eusebium
1254 3793 1315 3854 sibi

219 3879 308 3958 fingit
321 3901 388 3960 pag.
407 3889 435 3947 t.
452 3891 553 3942 textus
571 3884 739 3946 Eusebieni.

304 3959 399 4040 ’dissic
411 3962 556 4049 ὑπάρχων
569 3963 638 4050 obst]
666 3970 759 4028 Error
773 3965 926 4026 librarius
943 3973 989 4025 est
1008 3955 1076 4047 (ὑί.
1095 3971 1132 4022 ut
1153 3961 1241 4023 lineis
1259 3979 1315 4022 su-

220 4047 390 4130 perioribus
404 4047 471 4114 ois‘.
488 4053 607 4114 Grsecis
624 4053 776 4114 codicibus
792 4043 845 4134 ob'.
860 4060 891 4110 et
902 4046 952 4113 σε’.
965 4046 1143 4128 legentibus.

307 4131 590 4202 memoriensem
608 4133 695 4220 onii]
717 4139 762 4197 its
782 4135 941 4215 legendum
961 4153 999 4193 ex
1016 4131 1158 4195 Authoris
1176 4129 1316 4221 testinis⁴

220 4216 273 4278 uio
286 4220 405 4280 suadeo.
433 4222 544 4282 Scribit
558 4223 636 4283 enim
655 4243 720 4304 pag.
733 4227 785 4289 20.
797 4223 832 4283 Β.
854 4213 1051 4284 Μαθουσᾶλα
1064 4211 1227 4300 γενόμενος
1240 4213 1316 4277 3¹5⁹

222 4297 292 4408 qi(-
305 4304 463 4407 ἐγέννησεν
476 4304 528 4371 τᾶν
543 4304 649 4390 Λάμεχ
656 4355 666 4386 ,
686 4311 730 4393 τῷ
740 4299 842 4392 ,avrti
855 4304 976 4368 bessos
986 4297 1108 4383 κόσμον.
1128 4295 1197 4364 scusi
1211 4295 1315 4390 discis

222 4387 549 4480 αντιγραφωντῷρπξ.
561 4392 619 4460 isse
630 4383 929 4458 uicoiMuttouodia
941 4385 1087 4471 oiooucsv
1099 4381 1157 4467 τήν
1173 4371 1318 4469 risendis
