3109 4959
542 429 601 496 ET
622 423 973 494 ANNOTATIONES.
1225 407 1300 484 425

216 580 308 644 modi.
349 579 439 642 Iacob
460 587 523 640 erat
544 583 614 647 130.
635 601 783 641 annorum
803 580 922 661 quando
941 577 1022 639 stetit
1036 597 1135 640 coram
1149 575 1302 638 Pharaone

216 669 322 731 Genea.
333 667 384 731 47.
397 687 426 725 v.
437 671 467 730 9.
480 664 588 743 loseph
604 666 708 744 agebat
728 686 840 724 annum
855 669 907 732 39.
949 663 1101 724 Tricennie
1119 663 1199 723 enim
1220 661 1303 721 stetit

216 772 315 811 coram
338 750 491 810 Pharaone
514 750 681 815 (10110041.
696 771 726 812 v.
740 751 959 829 46011001οω
982 749 1053 806 anni
1075 747 1253 821 fertilitatis,
1273 754 1304 806 et

215 837 276 896 duo
302 833 465 899 sterilitatis
485 843 570 894 eraut
590 835 693 913 elapsi.
736 834 866 894 Sublatis
879 835 970 911 igitur
988 834 1026 892 de
1048 835 1116 898 130.
1131 833 1217 892 annis
1237 831 1304 893 tri-

214 921 297 999 ginta
310 939 430 995 novem,
451 926 606 978 remanent
621 939 699 977 unus
714 927 743 977 et
756 919 927 996 nonaginta,
948 937 1024 996 quae
1039 925 1103 975 crat
1115 927 1192 975 aetas
1206 916 1303 992 lacob,

215 1004 333 1085 quarrdc
350 1002 451 1081 genuit
467 1001 590 1082 loseph,
612 1024 700 1082 quem
717 1024 755 1062 ex
765 1003 893 1062 llaclrelc
906 1003 1051 1081 suscepit,
1072 1009 1143 1080 post
1156 1021 1304 1061 annorum

214 1088 442 1169 quatuordeeim
458 1081 646 1164 servitutem,
669 1088 776 1167 quibus
790 1107 828 1147 ex
847 1108 908 1146 uuo
926 1097 957 1146 et
973 1086 1132 1162 nonaginta
1153 1085 1303 1159 detractis,

214 1173 400 1252 septuaginta
413 1182 525 1252 septem
539 1172 666 1232 absoluti
682 1183 852 1254 supersunt.
894 1172 975 1232 Viris
995 1170 1120 1230 eruditis
1138 1167 1244 1249 paucis
1258 1187 1306 1227 re·

214 1257 342 1336 spondet
365 1257 508 1334 Georgius
529 1267 645 1332 noster,
673 1255 872 1340 0111000φῆ
895 1250 1033 1336 0111100οῦ
1056 1255 1194 1332 φαίνεται
1215 1256 1305 1315 τοῦτο

213 1339 349 1424 λέγουσα.
390 1342 486 1401 Instat
506 1341 597 1419 igitur
619 1362 707 1422 quam
725 1353 844 1419 argute,
871 1352 902 1402 et
921 1340 1012 1400 lsosco
1038 1339 1170 1398 calculos
1186 1338 1307 1396 demon·

214 1435 290 1484 strat
312 1426 441 1486 fallaces.
485 1425 512 1488 sl
531 1431 619 1491 τοῦτο
642 1428 741 1508 00010
761 1427 841 1489 ἔσται
870 1420 1013 1506 010000
1029 1421 1106 1487 nord
1122 1419 1155 1487 τὸ
1170 1416 1226 1494 te‘.
1243 1420 1308 1495 ἕως

212 1503 390 1590 1001011110
412 1512 585 1595 γεννηθείςτ
621 1512 702 1592 quod
723 1511 787 1571 eius
806 1512 926 1572 nomine
945 1511 1072 1570 declaro.
1115 1508 1202 1567 laoob
1225 1527 1305 1566 enno

213 1594 316 1653 aetatis
342 1601 393 1660 77.
412 1595 652 1674 Mesopotamiam
674 1596 838 1674 ingressus,
869 1597 952 1656 aiunt
971 1593 1135 1654 doctissimi
1155 1592 1307 1652 annalium

213 1680 401 1752 conditores,
421 1680 506 1738 annis
530 1681 579 1745 14.
605 1681 922 1762 Ilachelemproeatus
941 1699 1044 1740 socero
1060 1680 1159 1738 Laben
1173 1676 1307 1746 servivit,

213 1764 252 1824 ad
266 1765 368 1823 aetatis
383 1784 492 1824 annum
509 1770 559 1830 91.
574 1787 632 1844 quc
646 1767 798 1830 adamatae
813 1766 948 1825 ltacbelis
961 1765 1109 1825 connubio
1124 1763 1239 1842 potitus
1251 1768 1305 1818 est.

212 1849 299 1933 'lJunc
317 1858 414 1908 autem
436 1849 567 1930 primurn
589 1873 668 1910 anno
693 1852 838 1912 nimirum
860 1858 910 1918 92.
932 1849 1040 1929 Ioseph
1063 1848 1160 1908 filium
1182 1867 1219 1905 ex
1241 1844 1306 1905 eius

213 1933 398 2013 amplexibus
423 1935 588 2014 suscepisse
610 1936 676 2016 quis
698 1937 842 2011 affirmet,
869 1935 926 1996 nisi
951 1934 1004 2013 qui
1028 1935 1195 2014 scripturae
1216 1929 1306 1991 verba

211 2038 275 2078 non
288 2018 463 2096 advertisse,
485 2020 534 2080 vel
547 2021 737 2102 perpendisse
751 2023 896 2083 lateaturs
921 2018 1034 2081 Videne
1048 2020 1203 2080 Dominus
1222 2011 1308 2096 qnod

212 2103 304 2162 Iacob
328 2102 488 2182 despiceret
506 2107 601 2164 Liorn
620 2109 743 2184 operuit
756 2108 883 2168 onloom
901 2108 983 2181 eius,
1005 2127 1105 2164 sorore
1124 2103 1222 2160 sterili
1230 2119 1307 2178 per-

213 2198 358 2246 manente.
380 2191 484 2247 Genes.
505 2194 554 2254 29.
573 2209 604 2249 v.
622 2195 673 2255 31.
695 2211 765 2250 mox
785 2203 851 2269 rap.
866 2195 917 2255 30.
933 2209 963 2249 v.
982 2195 1010 2255 1.
1055 2191 1183 2248 Cernens
1207 2195 1308 2242 autem

213 2271 716 2351 11110111Ᾰί011οᾶ11000011011010101
737 2273 855 2358 (saltem
873 2273 940 2331 initi
962 2272 1093 2350 coniugii
1114 2291 1193 2329 anno
1218 2267 1307 2328 tertio

212 2357 263 2415 vel
277 2353 396 2440 quarto)
418 2355 530 2414 insv'rle't
547 2361 644 2416 sorori
661 2380 737 2416 errae
749 2370 801 2418 ete.
817 2367 846 2417 et
862 2378 892 2419 v.
907 2360 937 2422 3.
978 2359 1100 2433 Habeo,
1119 2354 1235 2434 iuquit,
1252 2354 1309 2429 fa·

212 2441 331 2498 multem
349 2441 467 2500 Bolum
480 2439 634 2522 ingredere
648 2441 693 2501 011
706 2445 810 2519 illam,
832 2455 867 2500 ut
881 2444 992 2521 pariat
1006 2463 1096 2522 super
1105 2460 1210 2520 genua
1230 2459 1309 2512 mea,

213 2535 241 2584 ct
253 2525 383 2583 traheam
396 2547 429 2583 er
442 2525 501 2584 illu
510 2527 609 2606 silice.
645 2528 755 2587 Genuit
767 2537 865 2587 eutem
881 2529 945 2585 Dan
962 2537 991 2586 et
1002 2521 1202 2605 Neplrtbalim,
1223 2520 1308 2579 aunis

212 2609 252 2676 ad
265 2610 366 2670 minus
379 2611 504 2688 geminis
526 2613 730 2689 currentibus,
749 2622 779 2671 et
796 2615 876 2670 vitae
891 2611 977 2668 laceb
998 2612 1049 2676 95.
1062 2609 1110 2667 vel
1128 2611 1177 2672 96.
1190 2603 1307 2682 elapsis.
1361 2640 1363 2643 ·

219 2693 404 2772 1011ιί111ιο00
417 2693 593 2754 recordatus·
608 2699 763 2754 Dominus
774 2693 919 2752 1100111111
933 2692 1088 2752 exurulioit
1102 2711 1170 2762 enni
1187 2700 1214 2746 et
1234 2710 1309 2766 upe-

212 2779 278 2834 ruit
296 2780 419 2835 oestrum
442 2781 527 2837 eines
557 2800 632 2856 quoe
652 2782 785 2856 antecepit
805 2789 833 2836 et
844 2780 961 2856 peperit
974 2780 1098 2856 filiurn,
1122 2774 1211 2835 laceb
1227 2793 1307 2832 anno
1401 2829 1411 2840 ,

212 2863 263 2926 96·
276 2860 326 2919 vel
336 2865 386 2925 97.
408 2854 481 2941 ὅπερ
496 2853 646 2925 sidriooroo
663 2864 765 2922 scribit
778 2863 937 2940 Georgius:
959 2863 1031 2922 olias
1044 2883 1121 2920 anno
1136 2857 1308 2940 1011001140.

211 2944 301 3004 Iacob
322 2949 392 3011 136.
416 2957 595 3025 superesset:
618 2949 700 3026 quod
720 2968 810 3028 quam
822 2948 994 3026 Scripturas
1015 2948 1206 3020 adversetur,
1228 2945 1309 3004 late-

210 3029 326 3089 buntur
338 3030 444 3106 iidem,
467 3031 519 3110 qui
535 3034 713 3092 contrariam
725 3033 832 3092 ineunt
845 3033 1029 3094 sententious.
1073 3031 1180 3088 Subdit
1191 3027 1308 3087 Author

211 3116 396 3174 accuratiore
411 3117 537 3180 calculo.
578 3122 619 3202 τῷ
633 3114 684 3200 ογ’.
699 3117 755 3180 ἔτει
772 3122 827 3196 τῆς
842 3116 952 3179 ἑαυτοῦ
963 3121 1040 3194 ζωῆς
1056 3113 1171 3192 ἀπέδρα
1184 3105 1306 3192 laudii:

212 3210 321 3278 coepto
334 3199 522 3274 videlicet,at
535 3203 670 3260 nondum
685 3203 839 3275 absoluto,
861 3210 896 3258 ut
907 3210 976 3276 post
990 3198 1143 3259 servitutis
1156 3197 1307 3274 geminum

212 3281 400 3362 septennium
420 3292 448 3340 et
470 3283 585 3361 aliquos
605 3305 641 3342 ex
659 3286 712 3342 Lia
730 3293 883 3363 susceptos
896 3283 991 3360 lilios,
1013 3283 1173 3362 expetitam
1189 3281 1306 3340 1110110-

210 3368 270 3426 leur
292 3374 508 3445 consequatur,
529 3376 558 3426 et
580 3368 642 3426 eius
659 3368 785 3449 probata
806 3368 975 3443 sterilitate,
997 3367 1117 3429 demum
1137 3368 1190 3425 Dei
1211 3365 1307 3446 gratia

210 3451 321 3532 losepls
348 3450 430 3531 patri
454 3452 613 3532 plusquam
638 3454 837 3531 nonagenario
867 3462 1017 3514 nascatur.
1059 3453 1209 3513 Adversus
1232 3450 1308 3510 baec

210 3540 261 3600 vel
272 3536 452 3609 Authorem,
471 3547 590 3617 recepta
604 3538 723 3618 Eusebii
737 3548 767 3599 et
780 3539 917 3607 Africani
930 3538 1092 3614 sententia,
1113 3536 1159 3595 nil
1182 3535 1309 3616 opponit

210 3624 343 3702 Scaliger
362 3622 429 3686 Not.
450 3642 516 3702 pag.
538 3627 590 3688 21.
616 3645 784 3702 0010000111
808 3623 928 3700 Georgii
952 3623 1149 3683 obiectionem
1171 3621 1309 3680 admittat

210 3732 242 3790 p.
272 3711 342 3775 253·
390 3707 467 3770 Vide
497 3706 684 3768 Scholiasteu
712 3709 770 3768 sibi
802 3717 832 3768 et
859 3706 979 3766 authori
1007 3708 1131 3790 proprio
1160 3703 1310 3766 contraria

212 3795 394 3868 sentientem.

299 3877 359 3942 Τόν
379 3874 447 3940 Ado
468 3881 510 3962 epi
535 3870 591 3938 πί.
613 3873 665 3940 τὸν
690 3874 871 3955 Νεφθάλεὶμ
891 3879 934 3962 τῷ
958 3871 1029 3956 πέ]
1059 3878 1167 3952 Parce,
1189 3872 1308 3950 Georgi,

212 3965 324 4040 nuptiis
344 3963 456 4022 Rachel
475 3983 554 4021 011110
571 3963 649 4021 vitae
661 3962 752 4030 lncob¹
769 3965 821 4026 87.
844 3961 946 4038 initis,
965 3961 1145 4042 posteriores
1159 3967 1230 4017 sunt
1245 3959 1310 4017 nan

211 4056 242 4106 ct
259 4044 469 4124 Neplrthalinrs
503 4048 641 4127 quintum
661 4055 762 4107 10111011
776 4055 813 4106 -et
834 4057 953 4109 sextum
968 4046 1104 4106 ordinem
1128 4044 1208 4102 iuter
1229 4042 1308 4103 lilios

211 4130 300 4194 Iacob
321 4131 465 4193 obtinent.

297 4215 364 4290 Peg.
388 4221 457 4280 106.
478 4210 641 4296 Ἰώσηππος
654 4215 728 4300 λέγει
743 4212 774 4292 ξ.
792 4215 932 4297 001000]
955 4213 1133 4294 Oppositum
1149 4213 1214 4291 lego
1228 4212 1309 4293 apud

212 4296 370 4378 loseplrum
391 4298 442 4357 lib.
466 4307 493 4365 1.
518 4301 640 4378 Antiqu.
656 4319 720 4380 cop:
736 4308 787 4368 29.
801 4303 882 4360 unde
895 4302 944 4372 vel
963 4301 999 4358 ab
1018 4299 1157 4379 imperito
1174 4297 1309 4360 Librorio

213 4385 388 4460 interserta,
410 4385 488 4442 volu
504 4386 630 4464 Georgio
646 4387 724 4446 eirca
740 4385 857 4466 losepbi
871 4405 980 4445 nomen
994 4383 1186 4444 hallucinuto.
1258 4446 1265 4461 ,
