3109 4959
551 453 612 520 ΕΤ
631 452 982 529 ANNOTATIONES.
1228 450 1304 524 411

220 611 327 673 mnndi
346 616 439 681 2900.
459 609 550 674 medii
566 611 666 672 fluunt
690 611 748 673 soli
773 612 844 680 124.
863 613 942 680 anni.
972 613 1047 677 nae
1060 614 1184 676 citatum
1204 616 1306 677 locam

220 717 287 778 Peg·
303 698 373 764 147.
389 700 424 757 l).
438 719 497 778 qno
511 693 641 777 nantel.
655 707 689 756 ut
702 697 940 779 rerlditScaliger
952 721 1017 781 pag.
1032 709 1133 762 textus
1146 701 1307 761 Eusebiani

221 787 271 849 14.
283 783 335 843 sed
350 776 406 861 λη’.
422 784 577 844 manifesto
595 782 777 846 scribuntur.

302 868 373 944 Pag.
395 874 447 934 92.
470 863 558 951 Merd
571 863 641 940 τούς
652 862 685 938 ς’.
700 866 885 946 Χαλδαίων]
907 869 1025 947 Septem
1036 877 1166 928 ostentat
1177 888 1245 950 pag.
1255 874 1307 936 90.

219 949 272 1013 laio
293 971 366 1012 vero
385 951 534 1013 Nembrod
556 950 659 1011 chami
674 951 784 1012 semine
800 960 990 1032 procreatum
1013 962 1043 1013 et
1063 953 1256 1032 alienigenam
1270 973 1310 1015 ex

221 1035 437 1097 Chaldaeorum
451 1037 518 1096 albo
534 1037 687 1116 expungit.

301 1117 437 1202 Ἀρᾶβωο
450 1123 547 1202 τρίτος
561 1119 772 1203 {detullerunt}
795 1119 905 1181 Arabas
923 1120 998 1181 istos
1014 1141 1097 1200 reges
1112 1141 1219 1203 pamm
1233 1121 1312 1181 fide·

219 1205 291 1267 liter
303 1205 461 1286 exscripsit
473 1207 601 1284 Scaliger
614 1226 680 1286 pag.
695 1203 747 1272 14'.
770 1206 844 1265 Cum
858 1207 936 1266 enirn
950 1206 1038 1284 Regio
1052 1207 1199 1266 secundus
1213 1207 1312 1265 marri·

219 1290 295 1349 feste
310 1289 404 1364 desit,
425 1290 506 1350 etde
522 1293 619 1372 primo
634 1291 782 1368 tertioque
798 1291 916 1351 disertis
930 1292 1027 1350 verbis
1046 1301 1147 1372 aperta
1159 1291 1212 1350 fin
1227 1311 1313 1350 aren·

219 1373 282 1450 tio;
302 1374 365 1453 ipse
379 1375 673 1435 tertium‘seeundum
687 1394 750 1434 esse
765 1376 861 1450 iussit,
880 1385 1020 1455 quartum
1034 1375 1068 1435 in
1083 1378 1203 1436 tertiam
1215 1376 1314 1434 sedeur

219 1458 393 1536 ascendere,
421 1460 560 1538 quintum
583 1460 617 1518 in
643 1469 797 1539 quartam,
828 1471 858 1519 et
881 1468 1000 1519 sextum
1027 1460 1059 1517 in
1088 1460 1315 1539 praecedentem

219 1543 370 1620 quintam:
391 1544 538 1604 secundus
553 1555 669 1620 autem,
691 1543 896 1605 cuiusnomen
910 1553 940 1603 et
952 1544 1023 1602 anni
1038 1544 1159 1603 deerant
1170 1545 1202 1603 in
1211 1545 1313 1622 Regio,

218 1625 252 1686 in
273 1637 391 1686 sextum
409 1629 551 1708 relegavit
576 1629 730 1703 ordinem,
755 1638 785 1688 et
800 1631 959 1709 Anonymo
976 1629 1048 1688 licet
1063 1648 1157 1688 annos
1170 1634 1222 1696 41.
1237 1630 1314 1688 assi·

219 1712 339 1788 gnarit,
360 1711 420 1770 hoc
433 1723 532 1791 paeto.
558 1708 689 1792 Αρᾶβτοο
703 1712 893 1790 ἐβασίλευσεν
910 1710 932 1782 ς’
934 1755 1094 1773 ......
1116 1713 1166 1791 ἔτη
1187 1707 1246 1791 μα’.
1268 1714 1314 1772 lta

218 1813 258 1852 ex
274 1795 393 1871 Georgii
408 1816 487 1875 penu
502 1797 681 1874 propriaque
695 1796 829 1853 Minerva
843 1796 898 1853 sibi
912 1815 997 1854 suum
1010 1796 1122 1853 conflat
1139 1797 1311 1854 Eusebium:

218 1878 273 1937 sed
287 1888 403 1942 temere.
432 1879 510 1939 lluio
525 1882 636 1960 quippe
652 1887 752 1956 sexto,
774 1900 828 1938 seu
842 1878 940 1939 verius
953 1881 1084 1938 secundo
1101 1880 1139 1938 ad
1155 1881 1312 1957 cornplen-

219 1963 274 2022 (los
291 1966 361 2028 215.
384 1965 490 2040 quibus
503 1965 613 2024 Arabes
625 1973 788 2023 tenuerunt
798 1964 955 2043 imperium
969 1966 1019 2029 40.
1041 1966 1186 2022 duntaxat
1198 1964 1312 2023 deben-

218 2057 270 2108 tur
285 2049 365 2107 anni.
389 2049 583 2128 llepravando
594 2048 626 2107 in
638 2047 719 2107 hunc
734 2049 856 2120 modum
871 2050 990 2128 Georgii
1003 2048 1100 2107 textui
1112 2048 1195 2107 dedit
1210 2069 1311 2108 ansam

218 2132 344 2191 librarii
357 2133 487 2211 lapsuro
506 2134 654 2210 Scaligero
669 2127 978 2193 nononirnadversus.
1000 2134 1054 2192 llle
1073 2133 1218 2211 siquidem
1241 2153 1310 2192 cunr

218 2217 310 2296 primi
325 2219 403 2292 regis
419 2218 619 2276 Mardocentio
634 2227 756 2275 aetatem
776 2237 811 2274 ac
828 2219 933 2276 mnndi
950 2237 1044 2276 annos
1056 2218 1150 2275 eidem
1164 2219 1311 2297 copulan-

220 2302 276 2360 dos
292 2319 353 2358 non
367 2301 558 2380 apposuerit,
579 2301 799 2380 praetervolato
817 2307 932 2382 pariter
949 2303 1026 2380 regis
1044 2301 1167 2360 secundi
1181 2303 1311 2377 nornine,

219 2404 329 2442 arritum
342 2385 448 2444 mnndi
460 2386 553 2467 3041.
575 2404 634 2464 quo
652 2386 749 2465 coepit
762 2387 909 2446 secundus
922 2387 977 2445 iste
991 2392 1166 2465 Anonymus
1180 2406 1312 2464 regnare,

218 2467 311 2551 primi
331 2469 407 2546 regis
429 2469 544 2529 nemini
561 2489 683 2530 erronee
705 2470 830 2530 adiecit:
852 2491 890 2531 ex
904 2470 951 2530 his
972 2483 1070 2531 autem
1090 2472 1185 2537 3041.
1207 2471 1314 2529 mundi

219 2555 306 2614 annis
321 2555 360 2612 ad
380 2557 473 2620 3086.
496 2553 584 2614 medii
596 2564 725 2615 currunt
742 2557 795 2620 15.
817 2557 972 2615 memorati
986 2566 1016 2615 et
1029 2554 1090 2634 regi
1106 2555 1235 2614 secunde
1256 2555 1315 2613 de-

218 2638 284 2700 biti.
313 2638 464 2712 Quocirca
479 2659 548 2699 cum
565 2659 659 2699 annos
685 2640 736 2705 45.
758 2642 863 2700 rnurrdi
878 2643 976 2706 Ι3041.
998 2638 1174 2718 incipientes
1187 2639 1219 2696 in
1239 2637 1315 2697 Sisi·

218 2723 352 2783 mardaci
372 2723 501 2804 primum
516 2735 545 2785 et
558 2725 662 2783 mundi
678 2727 770 2789 3086.
793 2735 873 2784 recte
888 2727 1043 2783 terminari
1059 2723 1189 2800 Scaliger
1205 2724 1315 2802 depra-

218 2805 379 2883 henderet,
406 2810 526 2869 tertium
552 2809 637 2869 illum
662 2809 894 2868 Sisinrardacunr
916 2811 1046 2868 secunda
1067 2809 1135 2867 sede
1153 2807 1314 2867 locandum

219 2891 377 2950 confestim
396 2901 441 2951 est
459 2894 644 2973 auspicatus,
666 2903 696 2952 ot
711 2894 758 2953 vir
771 2895 845 2953 licet
860 2893 993 2955 eruditus
1008 2893 1089 2954 hand
1111 2893 1218 2952 leviter
1238 2892 1316 2952 dor·

218 2975 329 3034 mitons
350 2974 469 3034 deluam
492 2989 545 3040 est.
575 2978 622 3038 ld
644 2977 763 3056 Georgii
784 2979 877 3058 igitur
894 2989 1023 3059 mentem
1044 2988 1074 3038 et
1092 2978 1222 3037 calculos
1242 2997 1313 3037 aran.

219 3058 327 3134 mundi
347 3063 440 3124 8001.
463 3062 573 3119 Arabas
594 3061 652 3120 sibi
671 3082 798 3140 regnum
815 3085 975 3145 usurpasse
994 3063 1152 3124 statuentia
1172 3081 1313 3143 praesens

218 3141 377 3204 locuslroc
394 3152 482 3222 paeto
497 3144 705 3224 interpolatur.

304 3221 342 3290 α’.
356 3227 573 3308 Mandonium
586 3230 771 3310 ἐβασίλευσεν
781 3229 830 3310 ἔτη
839 3224 878 3312 μ’.
892 3234 949 3295 τοῦ
957 3227 989 3293 δὲ
1003 3222 1119 3310 alapae
1130 3219 1243 3309 ἦνέτος
1249 3222 1312 3316 yo‘.

305 3309 341 3394 β’.
362 3307 495 3415 ἈΙροὶβων
519 3315 708 3396 ἐβασίλευσεν
738 3359 931 3380 ......
960 3315 1010 3397 ἔτη
1034 3310 1089 3396 με’.
1119 3318 1175 3379 τοῦ
1201 3313 1234 3378 δὲ
1256 3310 1307 3379 τώ·
1324 3327 1356 3381 Ρ.
1372 3327 1406 3384 et

220 3414 299 3478 σμου
318 3421 401 3480 yper.
543 3417 545 3422 '

304 3479 339 3564 γ’.
359 3476 495 3583 ideoideo
518 3482 707 3566 ἒβοο11εοοεν
729 3478 952 3568 Σισιμοὶρδοοιος
971 3485 1021 3565 ἔτη
1042 3477 1099 3567 κη’.
1128 3487 1185 3548 τοῦ
1207 3481 1241 3548 δὲ
1261 3478 1313 3547 κό-

221 3583 325 3650 σμου,
368 3589 401 3636 ς.

305 3589 473 3732 Βγοτῖοοτοιιᾶἰ
490 3649 549 3711 hoo
569 3665 658 3732 pacto
673 3665 776 3716 textus
796 3655 1006 3716 authoritatem
1026 3654 1156 3735 suggerit
1169 3651 1314 3729 Georgius

222 3734 354 3796 scribens
367 3737 459 3816 paulo
474 3736 553 3796 inira
566 3739 600 3798 B.
616 3737 638 3819 η’
651 3744 712 3803 τοῖν
723 3735 859 3822 Ἀράβων
873 3743 1006 3824 βασιλεία
1019 3735 1168 3824 ἄρξαμένη
1182 3734 1242 3800 ainsi
1258 3737 1315 3798 roei

222 3825 389 3884 antenor
401 3820 485 3895 ἔτους
496 3815 560 3905 pri.

306 3902 456 3986 Εὐσέβιος
469 3911 514 3993 τῷ
527 3900 628 3990 ,γρτδῖ
643 3905 701 3970 ἔτει
718 3910 774 3969 τοῦ
789 3903 925 3988 κόσμου]
947 3910 1081 3970 Ventilet
1093 3909 1170 3970 liaeo
1183 3903 1314 3983 Sealiger

222 3983 290 4049 Not.
305 3992 403 4068 pagin.
424 3995 472 4056 13.
489 4003 519 4051 et
532 3995 603 4059 252.
631 3995 674 4052 Et
688 3993 764 4051 haec
777 4008 926 4053 narrarent
944 3999 1038 4053 nauci
1044 4039 1053 4072 ,
1076 3996 1126 4056 ait.

273 4151 280 4167 ο
299 4067 486 4152 ,Ἀφρικανός
498 4071 560 4140 cinti
572 4072 691 4159 Ἀδάμ]
719 4079 765 4138 Ex
787 4077 837 4136 his
854 4079 892 4138 sd
915 4081 973 4138 alia
994 4101 1060 4160 pag.
1074 4080 1124 4144 64.
1137 4076 1173 4136 A.
1191 4094 1315 4154 compa-

223 4161 296 4214 ratis
316 4160 478 4220 nonnullos
493 4163 627 4222 Africani
643 4162 858 4242 Chronologiae
873 4165 999 4244 epochas
1014 4162 1073 4223 levi
1092 4159 1209 4239 negotio
1226 4159 1316 4219 colli·

223 4256 277 4316 go:
299 4239 419 4300 Exitum
435 4262 473 4302 ex
493 4246 628 4328 Aegypto
646 4269 724 4308 arrno
747 4271 763 4307 a
781 4249 885 4308 aruitdi
900 4251 1026 4309 conditu
1043 4250 1137 4312 3706·
1158 4245 1317 4325 Olympia·

224 4324 297 4382 dum
317 4323 405 4384 initia
420 4346 498 4388 anno
520 4333 615 4398 4726,
640 4353 717 4412 quae
737 4334 859 4412 Georgii
875 4345 919 4392 est
932 4334 1053 4412 opinior
1076 4329 1148 4410 Cyri
1159 4329 1316 4409 imperium

224 4429 304 4470 annu
320 4409 413 4478 1941.
430 4417 652 4478 eornmittenda.
680 4418 850 4499 Aegyptum
864 4440 942 4478 anno
954 4421 1047 4484 8706.
1061 4436 1099 4478 cx
1111 4416 1247 4478 Africani
1259 4416 1316 4474 cal-
