3109 4959
546 445 607 514 ΕΤ
628 441 979 514 ANNOTATIONES.
1233 432 1309 508 409

308 617 362 705 Tui
378 612 481 704 μα’.
508 622 564 684 soti
582 613 714 701 κόσμου,
740 623 797 682 τοῦ
817 616 851 682 dl
874 613 972 680 Φαλὲκ
984 613 1056 699 ρλ’.]
1082 617 1129 678 Ex
1149 615 1311 699 Arphaxad

222 703 335 784 epocha
347 707 385 763 ad
398 705 496 784 ipsum
511 705 616 765 diluvii
632 719 743 764 annutn
762 704 855 771 2242.
873 703 1009 762 devincta
1033 704 1127 770 2242.
1149 702 1312 782 Arphaxad

224 789 296 857 185.
309 790 423 848 Cainau
433 794 503 857 130.
519 791 586 850 Sala
603 793 672 856 130.
686 789 784 848 Hebes
797 790 867 855 134.
882 787 991 847 Phalec
1005 791 1076 853 130.
1090 791 1208 848 Summa
1217 792 1310 855 2901.

307 898 398 988 *yo'.]
421 905 596 968 Reduudare
609 925 725 965 mecum
740 905 929 966 arbitraberis
945 905 1017 963 duas
1028 903 1115 965 hasce
1128 905 1246 982 literas,
1261 905 1312 965 vel

222 990 319 1050 fusius
334 1009 458 1069 repones
474 992 529 1068 ἕως
540 995 595 1055 τοῦ
607 985 641 1072 γ’.
656 995 804 1071 sospitati
818 991 909 1063 ἔτους.
930 990 1039 1048 Eadem
1052 989 1163 1069 quippe
1176 1012 1248 1050 mox
1261 1009 1312 1050 re·

223 1075 374 1156 petiturus
388 1075 505 1136 Autbor
518 1076 680 1156 praesentis
695 1075 813 1135 numeri
826 1075 1058 1134 emendationem
1074 1073 1237 1136 coufirmat.

303 1167 359 1234 Ἦν
373 1161 436 1248 iace
449 1173 572 1261 mest]
594 1176 687 1237 Abius
700 1197 777 1236 anno
790 1176 896 1235 mundi
904 1179 996 1242 2868.
1010 1195 1133 1249 reguum
1147 1175 1314 1254 auspicatus
1330 1183 1361 1237 P.
1374 1185 1409 1240 ³0

222 1257 384 1408 {3126950
386 1271 562 1424 eppptentem
579 1261 692 1338 tenuit,
714 1262 846 1341 adeoque
862 1279 1014 1320 successor
1033 1259 1189 1320 Ouiballus
1208 1258 1314 1320 muudi

298 1438 379 1518 Ἕως
399 1449 455 1507 τοῦ
469 1439 538 1508 oas‘.
555 1439 734 1528 depensum]
757 1444 812 1504 His
826 1445 864 1505 ad
880 1445 1041 1506 Eusebium
1061 1445 1105 1504 nil
1119 1444 1315 1504 attinentibus

221 1529 450 1608 praetermissis,
473 1539 588 1589 textum
606 1531 731 1591 resumit
749 1530 880 1608 Scaliger
897 1552 964 1612 pag.
985 1533 1034 1596 14.
1054 1529 1102 1589 his
1116 1529 1225 1592 verbis.
1255 1532 1314 1593 dss-

222 1611 343 1687 δέξαντο
358 1609 415 1692 τήν
432 1616 594 1676 Χαλδαίων
608 1617 769 1696 βασιλείαν.
791 1615 897 1693 quibus
915 1616 1021 1675 ordine
1040 1614 1216 1695 perturbato
1237 1635 1312 1673 cou-

221 1696 320 1772 iuugit
332 1696 463 1755 Arabum
475 1718 557 1775 reges
571 1700 694 1758 iuferius
709 1699 912 1758 receusendos.
941 1700 1022 1756 Haec
1039 1708 1102 1771 est,
1123 1699 1239 1775 inquiet
1250 1700 1312 1772 ille,

223 1779 344 1857 Georgii
362 1781 519 1840 inediocris
533 1783 564 1838 iu
582 1783 748 1841 rationibus
767 1781 982 1859 componendis
1003 1781 1141 1856 solertia,
1169 1781 1221 1859 qui
1238 1802 1312 1858 quos

179 1859 184 1869 '
221 1873 338 1942 tempus
352 1864 390 1922 ad
404 1863 530 1924 invicem
543 1866 653 1941 nectit,
673 1866 705 1924 iu
716 1864 859 1923 historiae
880 1865 1008 1923 decursu
1023 1866 1119 1924 multo
1133 1864 1229 1944 spatio
1248 1866 1313 1923 dis-

208 1948 341 2026 'iuugit.·
373 1947 512 2008 Valereut
528 1950 601 2024 istu,
629 1950 655 2008 si
680 1949 783 2010 eodem
804 1949 947 2027 temporis
972 1949 1145 2024 intervallo,
1167 1958 1197 2007 ct
1215 1959 1252 2008 ut
1271 1949 1313 2007 ita

223 2033 318 2092 dicam
333 2053 480 2092 animuum
499 2035 595 2092 stadio
610 2043 776 2093 exterarum
795 2034 951 2092 nationum
965 2034 1117 2114 principes
1131 2035 1254 2113 proprio
1271 2032 1314 2092 lo.

115 2193 116 2198 ἵ
223 2118 310 2176 caudi
333 2118 436 2178 ordine
451 2138 512 2176 nou
530 2129 732 2178 occurrerent.
765 2119 806 2178 At
826 2139 894 2177 cum
914 2119 1052 2198 Aegyptii
1069 2119 1222 2198 propriam
1242 2140 1312 2199 pro-

221 2203 352 2260 vinciam
368 2203 471 2260 eodem
487 2222 546 2278 quo
560 2203 673 2281 Assyrii
685 2201 782 2280 spatio
797 2203 830 2261 iu
843 2223 967 2278 regnum
981 2203 1139 2276 erexerint,
1152 2224 1215 2262 non
1229 2214 1313 2263 erant

221 2287 333 2344 Arulres
352 2287 447 2345 multo
468 2285 625 2346 intervallo
648 2284 752 2345 semoti
772 2297 842 2346 autc
862 2287 1023 2368 Aegyptios
1045 2297 1075 2348 et
1100 2288 1234 2346 ordinem
1255 2289 1312 2346 sibi

222 2371 355 2429 debitum
369 2371 561 2432 memorandi.

306 2470 482 2546 Διεδέξαντο
507 2467 566 2552 τὴν
597 2473 757 2536 Χαλδαίων
784 2473 938 2555 βασιλείαν
955 2469 1111 2553 ”Λρ«βες.]
1147 2474 1314 2534 Primorum

223 2554 438 2616 Chaldaeorum
459 2565 489 2616 et
508 2555 638 2616 Arabum
656 2578 763 2635 regua,
791 2557 1006 2618 vetustissimas
1024 2559 1138 2616 tubulas
1150 2570 1179 2617 et
1192 2561 1315 2637 antiqua

220 2641 361 2719 figmenta
381 2640 534 2701 contendit
553 2642 691 2702 Patavius
707 2643 743 2702 dc
761 2644 846 2704 lloct.
863 2644 966 2722 'semp
982 2641 1035 2701 lib.
1051 2647 1081 2706 9.
1101 2663 1166 2721 cap.
1189 2645 1237 2707 13.
1259 2662 1314 2700 ricc

220 2726 278 2786 nisi
295 2727 363 2804 quia
387 2727 518 2803 Scaliger
532 2745 569 2784 ex
587 2727 623 2785 iis
638 2727 876 2785 absurdissimam
900 2727 1053 2805 componit
1075 2726 1314 2804 chronologiam,

221 2819 252 2869 et
264 2811 426 2870 Chaldaeos
438 2830 521 2890 reges
534 2810 647 2870 diluvio
656 2815 835 2870 vetustiores
849 2812 929 2886 lucit,
945 2811 1144 2869 corutueutitia
1160 2823 1189 2870 et
1201 2811 1317 2869 ductio.

221 2914 289 2952 rum
306 2895 430 2954 calculis
451 2894 665 2974 proscribenda
682 2889 820 2955 ullirurat.
843 2896 951 2955 Verum
969 2896 1132 2955 Chaldaeos
1145 2895 1322 2974 Arabasque

221 2978 374 3056 principes
399 2981 591 3055 Africanum,
613 3001 630 3038 a
651 3001 711 3060 quo
734 2982 767 3039 iu
787 2981 919 3039 aliosde
940 2981 981 3039 eis
1003 2982 1109 3039 notitia
1122 2981 1227 3053 lluxit,
1249 2982 1313 3039 sola

220 3061 334 3119 Petarii
350 3065 470 3122 assertio
490 3065 670 3124 confinxisse
692 3086 753 3124 non
767 3065 887 3141 suadet,
907 3086 963 3124 nec
985 3086 1095 3144 pravus
1111 3067 1147 3123 dc
1162 3067 1263 3124 iisdem
1281 3066 1313 3124 iu

222 3147 362 3222 scaligeri
377 3146 572 3226 chronologia
591 3170 662 3208 usus
676 3149 848 3228 ligmeutum
864 3160 918 3208 aut
928 3151 1044 3208 fabulas
1062 3150 1174 3226 arguit,
1195 3149 1247 3207 ubi
1262 3170 1312 3208 re-

223 3229 301 3288 otius·
322 3227 535 3307 Chronologiae
556 3233 731 3311 dispositio,
754 3236 804 3294 vel
820 3235 1011 3310 antiquorum
1031 3253 1121 3311 peues
1140 3235 1313 3294 Atrieauuur

220 3323 411 3373 monumenta
426 3335 525 3373 eorum
540 3313 694 3375 historicus
715 3319 853 3396 probant.
883 3319 1003 3375 lliluvio
1021 3318 1108 3392 louge
1124 3321 1312 3397 posteriores,

221 3408 252 3458 et
265 3399 296 3456 in
311 3398 466 3458 nationum
482 3398 663 3478 dispersione
673 3401 831 3480 imperium
844 3401 1041 3460 instaurantes
1055 3403 1198 3482 Georgius
1209 3415 1310 3464 noster
1327 3409 1360 3462 V.
1377 3412 1413 3468 28

221 3483 400 3562 Chaldaeos,
428 3493 458 3543 et
481 3503 667 3544 successores
688 3485 798 3544 Arabas
819 3487 952 3563 inducit:
980 3507 1130 3566 regnaque
1149 3489 1313 3548 Chaldaeo.

219 3589 290 3629 rum
316 3578 347 3628 et
367 3568 557 3648 Assyriorum
579 3589 596 3627 a
616 3570 736 3629 Petavio
758 3570 810 3628 lib.
829 3575 877 3636 13.
901 3571 939 3628 ad
961 3593 1071 3631 arrarum
1092 3575 1197 3632 muudi
1221 3575 1311 3639 1874.

221 3655 359 3730 contrua,
381 3655 548 3736 scripturae
571 3655 670 3714 verbis
688 3657 761 3715 Geu.
778 3676 844 3736 cap.
859 3660 906 3722 10.
918 3676 950 3716 v.
967 3662 1015 3722 11.
1041 3658 1206 3717 laventibus
1219 3677 1313 3715 secer·

220 3737 277 3811 uit,
299 3748 328 3796 et
340 3740 528 3818 perlongum
542 3759 698 3818 serumque
715 3742 856 3820 temporis
868 3741 998 3820 spatium
1012 3741 1048 3798 ab
1063 3742 1190 3801 invicem
1207 3742 1313 3800 distin-

220 3822 296 3897 guit.
317 3823 431 3895 Quibus
443 3825 579 3883 lubenter
590 3825 754 3884 addiderim
765 3827 856 3884 Assur
864 3827 1011 3885 etNiuum
1027 3828 1154 3886 eundem
1164 3826 1313 3884 homiuem

222 3923 290 3962 cum
304 3907 426 3968 Petario
442 3930 503 3969 non
518 3911 703 3989 putandum:
727 3909 777 3968 hic
793 3910 872 3968 euim
885 3906 1091 3970 Neurbrudis‘e
1104 3911 1206 3982 Citam,
1223 3917 1314 3987 prout

221 3988 325 4046 asserit
333 3991 480 4067 Petamus,
490 3994 608 4054 oriundi
617 4004 644 4052 et
652 3994 769 4074 nepotis
778 3995 875 4070 lilius,
892 3995 943 4054 ille
953 3996 1105 4054 filiusSem
1115 4015 1176 4051 nou
1184 3993 1312 4053 obscuro

221 4071 391 4150 Scripturas
405 4078 576 4138 testimonio
591 4079 810 4158 comprobatur.
834 4080 1001 4160 Eupropter
1014 4079 1205 4156 Augustinus,
1222 4078 1315 4155 Qrcod

220 4153 401 4232 dictumest,
416 4159 571 4238 inquittib.
588 4169 643 4230 16,
656 4163 789 4224 chivit.
800 4163 851 4222 llei
867 4185 929 4245 cap.
942 4169 972 4229 8,
990 4161 1026 4221 de
1040 4163 1204 4235 terrailla,
1221 4163 1257 4220 id
1269 4175 1312 4222 est

220 4238 258 4299 tle
272 4251 353 4300 terra
370 4243 492 4318 Senium,
509 4249 766 4326 quaeprrtiuehat
780 4249 957 4329 adlegarem
976 4245 1129 4306 ll'emhrotl
1142 4244 1311 4332 (Chaldaei)

219 4328 325 4384 exiisse
343 4325 445 4384 Assur
459 4339 487 4384 ct
503 4328 677 4407 ‹certifica-sse
692 4335 831 4392 Nc'uieem
847 4346 873 4391 et
888 4334 971 4391 alius
985 4333 1122 4388 cis-itales
1134 4333 1185 4390 lu'c
1197 4355 1312 4392 tuerno-

220 4423 326 4488 ratus,
348 4411 437 4493 longe
446 4424 555 4492 postea
563 4417 690 4492 factum
704 4429 761 4476 est:
782 4417 837 4478 sed
852 4439 885 4476 es
901 4420 1057 4477 occasione
1069 4417 1120 4475 tta
1129 4423 1312 4498 perstringi·
