3109 4959
223 354 247 424 4
598 357 640 427 G.
660 356 930 427 conmotis

225 517 424 593 magistratum
446 514 578 576 inierunt
592 512 728 574 Calendis
740 512 965 596 Septembribus
985 513 1158 597 (Dionysius
1176 512 1311 575 llaliear·

225 624 300 663 stass.
316 602 362 661 Vl.
376 623 406 682 p.
418 598 503 680 878).
518 598 543 681 ι)

308 686 396 767 Apud
427 687 554 743 Graecos
572 680 691 763 quidem
715 678 786 740 hedi
809 682 960 761 Ols'mps'ci
986 682 1046 741 iem
1072 691 1165 743 aetate
1185 683 1313 763 Lycurgi

224 771 301 830 circa
319 792 345 830 a.
368 773 438 835 888.
456 779 523 829 antc
540 767 609 829 Chr.
623 788 653 827 n.
672 766 923 846 quinquennales,
945 774 1035 845 atque
1047 767 1085 825 ad
1106 767 1314 846 plenilunium,

223 856 304 934 quod
327 854 492 916 solstitium
503 855 646 913 aestivum
660 848 846 931 sequebatur,
866 852 1021 911 constituti
1035 860 1128 927 erant,
1149 854 1263 933 iamque
1278 850 1316 909 ab

225 960 252 1001 a.
268 946 340 1005 777.
355 940 485 1000 victores
501 936 652 1018 Olympici
667 936 699 993 in
716 936 823 996 tabulis
833 936 924 995 sacris
937 936 1215 996 conscribebantur:
1237 945 1316 995 etta-

224 1043 293 1083 men
311 1044 372 1083 non
386 1033 455 1083 ante
465 1022 627 1082 Alexandri
639 1020 680 1081 Μ.
696 1029 821 1079 aetatem
836 1019 972 1082 historici
988 1020 1206 1100 Olympionicis
1218 1022 1256 1079 ad
1269 1041 1316 1080 res

226 1117 322 1187 gestas
344 1108 516 1185 digerendos
534 1106 579 1165 usi
598 1113 677 1164 sunt.
719 1106 890 1168 Herodotus
904 1113 1040 1165 numerat
1052 1100 1174 1187 γενεάς,
1194 1104 1318 1183 Thucy-

227 1193 313 1253 dides
336 1213 431 1251 assatos
455 1192 525 1251 belli
547 1189 805 1269 Peloponnesiaci3
827 1201 858 1247 et
880 1188 1075 1270 Xenophonti
1099 1188 1226 1269 (Hellen.
1249 1190 1318 1252 libr.
1378 1258 1380 1261 ¹

227 1277 251 1336 1.
270 1297 296 1335 c.
313 1284 349 1351 2,
370 1277 407 1336 ll.
421 1298 447 1335 c.
462 1274 496 1353 8)
519 1274 730 1354 olympiadum
752 1276 987 1336 mensurationem
1006 1274 1044 1332 ab
1057 1274 1152 1333 aliena
1168 1293 1257 1333 maim
1269 1274 1321 1331 in·

120 1411 122 1415 .
227 1368 338 1419 sertam
360 1380 436 1436 esse,
458 1360 506 1421 vcl
530 1360 600 1417 indo
617 1367 714 1436 patet,
736 1359 819 1436 quod
831 1357 906 1436 haec
926 1359 1139 1440 Olympiadum
1155 1379 1223 1417 cum
1237 1357 1321 1417 arratis

227 1444 453 1523 Xeiroplronteis
472 1441 653 1523 comparatio
677 1440 813 1519 sibiipsa
834 1440 1023 1519 adversatur,
1045 1443 1160 1503 etiamsi
1177 1443 1322 1521 Polybius

113 1589 116 1593 ,
230 1529 326 1609 (Tem.
344 1529 395 1587 ΙΙΙ.
411 1548 476 1607 pag.
493 1529 544 1592 41.
561 1528 612 1591 42.
627 1524 698 1583 edit.
714 1521 846 1603 Ernesti)
859 1545 921 1584 non
936 1527 1153 1605 admonuisset,
1175 1548 1322 1588 antrorum

227 1614 455 1692 Olympicormn
472 1610 566 1683 riotis,
589 1628 649 1667 una
664 1629 733 1666 curn
747 1608 933 1690 Archontum
946 1612 1114 1670 nominibus
1128 1614 1248 1691 positis,
1269 1612 1322 1671 hi-

226 1698 347 1757 storiam
371 1696 500 1777 primum
521 1694 672 1753 Tisrraeum
692 1692 871 1751 distinxisse.
893 1727 934 1739 --
955 1695 1053 1774 Atque
1072 1697 1152 1775 apud
1172 1698 1321 1755 Rornanos

226 1803 287 1842 non
309 1780 393 1863 prius
414 1800 503 1859 quam
523 1776 788 1855 Cicer-onisaetate
807 1776 896 1841 Anni
926 1778 1017 1836 Urbis
1039 1779 1180 1838 conditae
1201 1780 1321 1839 collecti

227 1874 308 1940 sarrit,
329 1886 386 1924 nec
409 1864 510 1923 mirari
525 1864 605 1933 licet,
632 1862 715 1940 quod
728 1862 761 1944 in
774 1861 998 1939 diligentissime
1014 1884 1132 1942 quoquc
1146 1866 1323 1925 collectione

227 1951 303 2009 alius
319 1950 408 2009 alium
423 1968 569 2007 anisianum
588 1966 744 2005 numerum
757 1944 917 2008 invenerit.
958 1948 1053 2007 lnbor
1067 1949 1154 2007 multi
1168 1969 1202 2008 ac
1214 1950 1323 2008 multo·

226 2052 302 2093 rum¹
326 2034 442 2093 sudoris
465 2034 539 2106 luit,
568 2034 705 2089 cronium
723 2031 905 2107 Consulum,
933 2034 1066 2092 omnium
1094 2034 1322 2110 magistratuum

228 2114 396 2198 ἐπωνύμων
416 2138 432 2176 e
455 2118 548 2191 libris,
571 2116 681 2193 linteis,
703 2116 907 2185 marmoribus,
928 2137 1004 2193 eere,
1025 2118 1164 2193 srummis,
1185 2138 1220 2177 ac
1236 2136 1335 2198 saeps-

229 2222 245 2263 e
264 2204 341 2263 l'ama
355 2201 524 2277 hominum,
546 2202 667 2261 aronrina
681 2201 833 2279 colligere,
845 2202 979 2280 quemvis
995 2203 1027 2260 in
1042 2204 1141 2261 locum
1154 2223 1240 2266 suum
1256 2203 1323 2261 dis-

228 2307 357 2367 ponere,
380 2308 417 2345 arr
434 2296 530 2346 totum
546 2306 599 2364 per
620 2305 743 2359 annum,
766 2306 805 2344 an
818 2295 933 2365 partem
955 2287 1027 2345 arisai
1046 2288 1256 2367 rempublicam
1272 2287 1324 2347 ad·

228 2371 463 2453 ministraverint
484 2370 665 2444 corrscctari,
688 2389 746 2447 quo
771 2370 819 2429 die
836 2371 1037 2446 magistratum
1052 2371 1191 2448 inierint,
1215 2372 1324 2453 quibus

230 2457 316 2514 erraris
332 2455 416 2514 initia
432 2457 653 2533 magistratuum
668 2463 780 2511 titulata
796 2454 857 2513 sint
871 2456 1048 2533 conquirere
1066 2477 1101 2515 ac
1116 2477 1232 2535 saepes
1247 2477 1324 2517 con-

227 2540 352 2599 iecturis
379 2549 495 2599 tantum
515 2540 681 2598 discernere
688 2561 696 2612 ;
721 2539 804 2598 labor
823 2539 909 2597 inulti
929 2541 1048 2601 sudoris
1069 2541 1143 2617 luit,
1162 2538 1215 2600 has
1228 2540 1323 2621 magi*

230 2634 379 2684 stratuum
408 2625 497 2683 series
518 2624 649 2703 plurium
671 2623 959 2703 rerumpublicarum
982 2626 1059 2685 inter
1079 2646 1111 2686 se
1133 2627 1269 2687 conferre
1286 2645 1323 2685 ac

231 2710 393 2768 traditarum
411 2710 564 2768 arationum
579 2728 626 2767 res
640 2718 735 2787 gestas
753 2709 831 2769 inter
843 2730 875 2769 se
889 2712 1075 2789 coriiungere.
1273 2719 1275 2723 '

225 2888 227 2895 ’
266 2890 296 2960 1)
316 2890 488 2944 Molestissimi
505 2889 601 2943 laboris
614 2894 664 2954 est,
673 2891 833 2944 mutationes
846 2890 966 2961 principii
979 2891 1123 2945 consulatus
1134 2891 1239 2945 Romani
1251 2910 1268 2945 e
1277 2892 1322 2945 Li·

299 2959 359 3024 uic,
377 2959 500 3029 llionysio
515 2960 749 3022 halicarnassensi,
767 2960 914 3023 Plutarcho,
933 2960 1018 3014 Fastis
1031 2961 1238 3031 'l'riumphalibus
1251 2960 1323 3013 aliis-

285 3044 349 3098 ¹que
362 3028 483 3097 colligere
501 3036 580 3097 atique
599 3044 678 3080 asinos
700 3028 809 3096 alterique
825 3036 912 3098 partes
928 3030 1100 3092 constituero,
1122 3031 1214 3099 quibos
1230 3047 1324 3082 conve-

298 3096 356 3150 nire
374 3096 515 3149 videantur.
551 3097 708 3166 Qaramquum
732 3098 847 3150 hocloco
866 3098 977 3151 rationes
995 3100 1131 3165 probantes
1146 3117 1196 3151 non
1209 3098 1243 3151 ad
1260 3115 1322 3161 rem,

298 3173 381 3219 tamm
401 3183 449 3217 non
465 3164 593 3235 ingratum
610 3166 665 3217 lore
679 3166 804 3229 urbitror,
821 3166 843 3218 si
858 3167 1008 3219 mutationes
1026 3168 1096 3235 ipsas
1116 3169 1231 3220 breviter
1249 3166 1323 3219 eddi-

299 3233 378 3296 dero,
395 3252 444 3302 quo
457 3235 537 3301 arogis
551 3234 694 3297 elucescet,
711 3235 813 3303 (quantis
824 3235 1019 3289 difficultatibus
1037 3237 1201 3305 chronologia
1219 3237 1323 3304 antiqua

298 3302 431 3353 obstructo
443 3300 491 3362 sit,
508 3302 652 3371 terrenaque
666 3304 781 3365 attrahat
792 3303 887 3355 virum:

316 3370 349 3421 ab
367 3386 390 3423 a.
410 3368 443 3420 U.
460 3367 617 3489 ild-idq)
628 3370 753 3487 §pposules
774 3370 948 3438 magistratum
966 3372 1077 3427 inierunt
1092 3372 1215 3428 Calendis
1238 3372 1323 3427 Octo-
1385 3414 1387 3417 >

619 3454 640 3489 rr
660 3455 699 3491 us.

366 3520 390 3558 s.
407 3505 457 3560 eol
475 3502 533 3557 Cal.
551 3504 695 3573 septembr.

366 3588 391 3625 u.
409 3574 460 3628 278
478 3579 504 3625 et
523 3572 609 3625 forsan
628 3574 676 3627 ianr
690 3574 761 3643 prius
774 3592 854 3647 usque
871 3576 905 3631 ad
921 3595 945 3631 a.
958 3579 1026 3641 sol,
1043 3596 1128 3632 mense
1146 3574 1252 3641 Sextili,
1270 3577 1323 3629 ior-

505 3658 550 3692 son
565 3642 620 3694 Cel.
638 3643 729 3696 Sextii.

370 3723 395 3760 u.
411 3708 463 3761 302
481 3707 567 3759 idihns
587 3710 670 3780 hlojis.
859 3749 861 3753 -

371 3792 395 3829 a.
412 3778 563 3831 sto-sse
581 3778 666 3831 idibus
681 3779 873 3834 Decembribus.
912 3838 914 3841 ,

369 3861 394 3897 a.
411 3844 562 3899 sss-³61
582 3846 686 3903 Calend.
705 3849 813 3900 Octobr.

369 3929 394 3965 a.
411 3914 561 3967 362-363
578 3915 684 3967 Calend.
702 3916 827 3979 Quinctil.

369 3996 394 4036 s.
410 3982 558 4038 365-387
575 3998 661 4035 mense
676 3984 804 4037 lariuario.

369 4064 394 4101 s.
410 4048 557 4105 388-420
574 4050 694 4104 Calendis
712 4053 823 4106 Martiis.

369 4135 394 4171 a.
410 4116 462 4171 420
478 4118 599 4171 Calendis
617 4120 796 4182 Quinctilibus.

369 4204 393 4238 a.
410 4184 561 4241 sss—531
580 4188 699 4242 Calendis
716 4189 802 4246 maio.

370 4271 395 4307 u.
413 4256 562 4311 532-600
580 4256 668 4309 lilibus
684 4258 795 4311 Martiis.

319 4321 351 4373 ab
368 4339 392 4375 a.
411 4322 444 4375 U.
461 4326 511 4379 ool
530 4324 649 4378 Calendis
667 4326 799 4381 ianuariis.
