3109 4959
528 426 587 492 ET
609 421 961 492 ANNOTATIONES.
1218 417 1289 487 431

202 583 322 644 tbussla
338 583 455 660 genitus
469 593 530 659 est,
550 602 644 652 annos
657 582 737 642 solos
752 581 875 655 triginta
895 580 1043 661 quinque,
1067 580 1186 643 veltres
1202 604 1293 662 supro

202 668 382 748 quingentos
397 667 488 728 vixit:
512 667 676 746 quinimmo
688 665 814 726 Laureclr
829 667 894 746 ipse
907 675 966 736 cst,
987 667 1037 744 qui
1056 688 1073 724 o
1089 668 1150 725 Noe
1165 667 1219 726 dlii
1234 689 1293 726 na-

202 753 256 813 tali
270 755 317 812 dic
330 774 409 812 anno
419 753 524 812 mundi
542 754 631 819 1642.
648 751 848 830 consignando
862 751 937 808 alios
949 752 1021 817 585.
1037 751 1087 810 vcl
1102 756 1175 817 533.
1189 772 1294 830 ouper-

202 839 294 898 suisse
307 837 460 911 scribitur,
486 839 524 897 ud
539 838 642 918 mundi
663 837 804 896 videlicet
820 837 914 902 2175.
937 846 1005 894 ante
1027 836 1175 896 diluviunr
1201 857 1295 895 atilios

202 929 252 990 68.
278 923 326 982 vol
347 923 509 982 correctius
529 927 579 988 67.
621 922 679 980 llic
700 930 800 980 tamen
820 929 979 1000 computus
999 920 1085 981 alteri
1107 921 1144 980 de
1168 921 1292 981 balneoli

201 1008 287 1066 erinis
302 1009 458 1086 integriori
472 1008 665 1067 adversatura
686 1006 757 1065 solis
773 1007 882 1085 quippe
894 1014 963 1064 ante
977 1005 1125 1064 diluvium
1140 1007 1192 1072 35.
1209 1010 1295 1066 asinis

199 1091 346 1168 Lorue'clr,
370 1113 406 1151 ex
424 1092 512 1154 dictis
528 1092 679 1172 superius,
702 1111 768 1170 pag.
786 1096 836 1158 21.
850 1092 885 1151 A.
902 1100 1039 1150 mortuus
1052 1099 1106 1149 ost.
1148 1092 1241 1152 Porro
1257 1113 1295 1152 cx

200 1177 335 1237 Africani
354 1178 454 1238 verbis
469 1188 627 1258 cornputos
642 1178 715 1236 istos
739 1177 913 1254 dosunsptos
933 1173 1006 1233 usilri
1029 1175 1215 1236 demonstrat
1229 1178 1294 1236 col-

201 1263 288 1322 culus
309 1283 449 1340 sequens,
472 1282 532 1340 quo
556 1263 693 1322 subditur
713 1259 841 1320 Lamech
857 1270 926 1318 ante
951 1261 1081 1339 parentis
1103 1261 1218 1320 obituus
1237 1283 1297 1320 en-

200 1347 249 1407 nis
267 1350 317 1413 81.
338 1347 401 1404 vita
414 1348 567 1422 sunctum,
591 1368 664 1423 quos
678 1345 735 1404 hac
749 1347 865 1405 ratione
883 1346 1004 1422 colligo.
1039 1344 1220 1421 Mathusala,
1241 1347 1298 1403 in-

202 1431 268 1511 quit
284 1431 439 1490 Africanus
448 1475 456 1502 ‚
480 1453 557 1489 atino
572 1435 660 1497 2256.
676 1441 770 1490 snoste
788 1432 921 1490 sublatus
935 1439 996 1504 est,
1018 1430 1081 1488 titio
1097 1429 1224 1490 Lamech
1240 1432 1297 1490 vi·-

199 1518 246 1576 vis
269 1525 371 1594 erepto
394 1536 410 1573 s
435 1516 539 1574 mundi
556 1517 648 1580 2175.
671 1536 731 1575 uno
753 1516 846 1594 igitur
867 1536 957 1596 supra
978 1514 1187 1592 octogesimum
1215 1537 1295 1573 anno

198 1599 339 1660 Lamechi
356 1621 437 1659 mors
461 1600 553 1679 patris
571 1599 752 1659 Mathusalae
772 1612 897 1660 mortem
919 1601 1095 1673 oritevertit,
1119 1621 1187 1658 curn
1202 1601 1294 1659 ninii.

199 1706 284 1760 rum,
306 1695 342 1744 ut
360 1683 411 1743 bic
433 1694 531 1760 extet,
553 1695 638 1764 pater
657 1684 824 1744 Mathusala
844 1689 914 1751 888.
934 1685 1037 1744 aetatis
1056 1695 1224 1744 nunrcrarct
1237 1707 1294 1744 an-

200 1791 286 1832 num.
328 1769 409 1828 llaec
431 1770 563 1830 Africani
586 1789 668 1828 niens
684 1780 713 1830 et
728 1772 832 1846 verba,
855 1790 917 1828 non
936 1771 1071 1846 Georgii,
1091 1770 1174 1828 cuius
1190 1792 1295 1848 oppo-

200 1855 287 1915 sitam
311 1855 486 1914 coutentium
512 1855 696 1914 demonstrat
722 1857 820 1933 pagin.
839 1859 888 1921 28
905 1855 940 1916 t
960 1875 1102 1914 numerus
1119 1863 1218 1913 tauron
1242 1861 1294 1920 68.

199 1942 248 2000 vol
263 1945 314 2006 67.
330 1949 517 1998 ariterertcns
535 1939 682 2019 diluvium
697 1951 725 1998 ct
740 1943 833 2006 2175.
846 1959 990 1998 summam
1006 1941 1180 2016 relinquero
1193 1939 1295 2016 scqui-

199 2035 250 2084 tur
264 2024 383 2100 Georgii
406 2023 553 2080 diluvium
572 2044 650 2080 anrro
670 2026 762 2090 2242.
784 2026 956 2104 reponentis
969 2024 1160 2082 contentionis
1183 2025 1243 2081 into
1264 2032 1295 2080 et

200 2130 265 2166 earn
283 2108 376 2188 ipsam
393 2128 481 2186 quarn
497 2108 667 2168 Aliicauum
680 2120 834 2188 sequutus,
857 2119 926 2168 onte
942 2129 1052 2190 paucos
1067 2109 1155 2168 huius
1169 2107 1295 2188 paginae

199 2193 293 2252 lineas
309 2194 463 2271 amplexus
476 2202 529 2252 est.

285 2272 479 2339 Μαθουσάλα
494 2275 526 2338 δὲ
540 2276 604 2350 ἔτος
618 2269 659 2356 ἦν
675 2271 760 2358 ωνε’.]
783 2277 945 2337 Mathusals
961 2277 1077 2337 diluvio
1092 2275 1295 2357 supervixisse

198 2383 304 2423 rursus
326 2362 442 2421 dutlror
463 2363 579 2437 asserit,
610 2372 639 2421 et
666 2383 739 2440 quoe
761 2384 827 2443 pag.
850 2369 900 2429 20.
923 2365 957 2424 l).
982 2363 1020 2422 de
1044 2364 1294 2443 praeoccupando

198 2449 330 2508 eiusdem
345 2447 436 2506 natali
452 2447 589 2525 scripsit,
612 2448 734 2506 videtur
748 2469 870 2525 arguere
887 2450 1042 2509 mendacii.

284 2529 390 2616 pippini·
406 2536 463 2598 ἔτει
476 2537 532 2593 τοῦ
548 2530 690 2611 κόσμου.]
713 2535 838 2614 Ilepono
851 2529 958 2617 ,tippssss
980 2554 1039 2613 quo
1058 2552 1137 2590 anno
1154 2529 1193 2591 ad
1208 2540 1294 2589 scta-

198 2619 236 2678 tis
252 2620 429 2697 quingentos
444 2617 504 2678 Noe
520 2619 667 2696 pervenit.

195 2767 197 2770 ,
288 2707 349 2766 Τοῦ
365 2699 397 2763 δὲ
413 2707 484 2763 Νῶε
501 2697 561 2780 μή.
578 2697 736 2781 Μαλελεήλ
754 2696 935 2783 ἀπέθανεν]
957 2701 1090 2762 Mataleel
1105 2721 1183 2760 anno
1201 2702 1293 2765 1690·

199 2786 291 2848 obiise
313 2808 344 2864 p.
363 2790 433 2852 113.
451 2787 484 2845 Β.
498 2789 560 2846 Noe
575 2789 665 2853 1642.
680 2796 769 2846 natus
784 2798 845 2849 cst:
867 2789 964 2869 ipsius
977 2807 1048 2865 ergo
1055 2787 1118 2846 Noe
1132 2788 1184 2853 48.
1198 2785 1294 2846 Mala-

197 2870 256 2930 lecl
271 2870 333 2928 vita
348 2871 483 2930 excessit.

285 2949 369 3013 liceri
384 2951 418 3013 cd
433 2947 538 3038 Ιβρμοῖ.
557 2953 622 3027 ἔτος
638 2950 846 3036 recisiones]
869 2957 1038 3036 Legendum
1052 2950 1159 3042 flppff.

187 3036 189 3041 ’
287 3039 351 3098 Tod
363 3029 468 3115 Λάμεχ
485 3035 594 3117 πατρὸς
611 3044 682 3102 Nais
698 3042 762 3114 ἔτος
777 3037 865 3121 pred]
887 3046 1011 3124 lleponc
1023 3039 1101 3122 pani.

281 3117 386 3182 Aomd
406 3121 456 3201 ἔτη
472 3115 526 3198 ιε’.]
551 3117 598 3182 nl'.
617 3143 655 3179 ex
671 3125 727 3182 ianr
744 3131 854 3204 putetis
871 3130 983 3187 rectius
1001 3125 1166 3204 collegeris.

283 3207 354 3280 Peg.
378 3209 448 3270 115.
471 3204 685 3284 rtet-tultriaco
706 3203 759 3287 φ’.]
782 3211 939 3272 Adiluvio
953 3213 1105 3271 nimirum.

244 3306 246 3316 '
286 3294 335 3373 Τῷ
350 3284 444 3372 prod.
461 3290 518 3352 l‘rei
531 3295 586 3353 τοῦ
599 3288 735 3371 κόσμου]
757 3294 939 3373 Arplraxad‚
959 3305 1027 3353 ante
1043 3296 1136 3353 linoae
1157 3312 1211 3352 sex
1225 3290 1292 3351 Au·

197 3372 270 3433 thor
284 3373 447 3447 scribebat,
469 3396 548 3434 anno
563 3384 631 3455 post
646 3378 796 3436 dilnviurn
809 3387 840 3446 2.
855 3380 962 3438 mundi
977 3381 1069 3446 2243.
1090 3380 1182 3438 vitam
1197 3371 1291 3437 sorti·

197 3467 265 3531 tus,
287 3478 381 3516 orrrros
407 3459 475 3524 185.
500 3461 607 3519 deinde
629 3471 718 3520 natus
742 3474 863 3539 generat
887 3466 1017 3535 Cainan3
1041 3485 1096 3524 cur
1120 3483 1180 3521 non
1201 3463 1291 3521 morlo

198 3543 315 3619 colligit
338 3545 431 3609 2378.
452 3544 501 3602 vel
522 3566 591 3604 cum
615 3547 742 3606 Eusebio
765 3553 857 3614 2379.
879 3550 1043 3626 Eusebius,
1065 3550 1117 3629 qui
1137 3548 1292 3606 biennium

197 3629 348 3706 integrum
365 3647 382 3684 o
401 3625 516 3686 diluvio
531 3629 569 3687 od
583 3631 744 3710 Arplraxad
756 3633 834 3692 diens
849 3637 976 3694 natalem
989 3634 1143 3708 interlicit,
1164 3632 1291 3691 eundem

196 3714 231 3773 in
247 3711 353 3772 usundi
372 3711 465 3778 2244.
481 3715 616 3792 seponit,
638 3726 666 3775 et
682 3719 797 3794 prolem
814 3719 851 3776 ab
867 3741 901 3780 eo
920 3729 1087 3800 susceptam·
1101 3722 1195 3785 2379.
1211 3735 1293 3774 osso-
1327 3723 1330 3728 '

197 3798 248 3857 rit.
291 3797 448 3857 ltsricanus
467 3817 504 3854 ex
525 3798 650 3858 adverso
672 3804 739 3860 Seni
755 3823 848 3862 annos
869 3814 987 3864 centurn
1008 3811 1153 3883 provecto
1171 3798 1293 3885 Arpha-

197 3881 259 3941 xad
274 3893 377 3942 netum
397 3883 464 3960 ipso
486 3882 592 3941 diluvii
612 3892 744 3964 ternpore
765 3897 898 3945 statuens
919 3888 1044 3947 Autbori
1069 3886 1195 3962 Georgio
1211 3905 1310 3942 non--

198 3987 367 4046 nunquam,
390 3967 449 4025 imo
464 3967 664 4046 frequentius,
686 3969 750 4028 eius
770 3971 916 4031 rationem
938 3981 1082 4050 sequuto,
1105 3978 1139 4028 ut
1160 3969 1292 4029 calculos

198 4072 277 4111 antro
293 4073 352 4112 uno
373 4049 526 4110 breviores
546 4051 693 4111 subducat
713 4055 901 4114 occasionem
925 4057 1072 4134 suggerit:¹
1093 4054 1158 4134 ipse
1179 4053 1292 4134 quippe

199 4137 345 4213 Georgius
362 4135 523 4214 Arplroxad
542 4148 641 4196 ortum
656 4157 694 4196 ex
711 4140 836 4220 proprio
853 4151 994 4221 computo
1011 4142 1050 4201 sd
1067 4159 1178 4198 anrrurn
1199 4158 1292 4199 mun·

198 4220 229 4280 di
245 4223 336 4286 2243.
353 4220 462 4296 attigit,
484 4242 544 4301 quo
565 4223 719 4282 biennium
742 4224 909 4302 odiluvio,
931 4245 993 4285 nou
1013 4225 1132 4307 quidem
1147 4244 1292 4284 consum-

197 4314 295 4378 mato,
320 4303 372 4364 sed
397 4305 534 4381 incunte,
556 4317 691 4388 reputat:
714 4318 774 4388 quo
798 4309 887 4370 litut
914 4332 994 4370 anno
1020 4311 1172 4371 breviores
1191 4309 1291 4381 modo,

197 4391 376 4470 quandoque
391 4391 600 4469 productiores
614 4394 855 4456 Genearclrorum
867 4405 978 4458 aetatu
990 4395 1105 4466 oderat,
1128 4402 1159 4453 et
1172 4388 1290 4472 Arpha·
