3109 4959
247 423 323 499 500
622 429 972 505 EMENDATIONES

248 592 409 655 ascribunt.
451 590 567 653 Plinius
583 588 621 651 ad
637 608 745 651 annum
761 587 793 656 4.
810 588 931 671 Olymp.
946 588 1000 657 48.
1021 589 1140 651 Selium
1162 588 1200 650 ad
1218 589 1337 673 Olymp.

248 681 300 747 49.
314 677 454 739 Euaebiua
467 678 635 757 ad0lymp.
643 677 696 743 48.
712 694 822 735 annum
836 682 867 742 2.
890 675 1022 752 Scaliger
1028 676 1067 735 ad
1075 676 1206 736 eiuadem
1218 677 1338 757 Olymp.

249 763 539 824 tertiumrevocant:
561 762 948 842 curretienteauaeeptuma
965 762 1042 840 Cyro
1055 760 1215 841 imperium
1226 766 1338 828 2637.

248 851 300 914 28.
315 848 366 907 vel
380 849 417 906 ed
431 864 579 909 eumanum
592 848 644 912 29.
658 844 751 919 annia,
764 843 817 924 qui
832 864 870 904 ex
889 846 1023 924 Astyagia
1039 855 1069 905 et
1084 846 1212 905 Arianae
1229 846 1338 905 coniu-

248 933 298 1011 gio
321 939 384 992 tum
407 930 541 1006 sirmate,
565 930 613 989 vel
636 929 662 988 ai
681 929 755 988 velia
780 929 872 1005 inito,
900 929 1105 1010 suscipiendae
1124 929 1281 1007 blandani,
1307 939 1338 991 et

249 1019 329 1095 Cyro
347 1035 386 1076 ex
407 1016 553 1076 blandana
570 1024 640 1073 uate
657 1014 695 1073 ad
710 1014 826 1073 virilem
842 1023 984 1088 aetatem,
1005 1035 1062 1095 qua
1078 1015 1236 1075 debellavit
1249 1034 1338 1085 arram

247 1104 424 1181 Astyagem,
447 1099 640 1180 provehendo
669 1100 841 1159 nullatenua
864 1100 1000 1159 auilicere
1025 1100 1206 1160 iudicantur.
1253 1100 1337 1159 Peta-

247 1186 316 1246 viua
334 1185 387 1246 lib.
405 1192 453 1253 10.
465 1186 501 1245 de
516 1186 599 1244 Dect.
612 1184 715 1261 Temp.
734 1204 799 1263 cap.
818 1190 846 1249 1.
864 1184 895 1242 in
915 1184 1102 1264 Olympiadis
1114 1186 1164 1251 45.
1178 1204 1290 1243 ιιιιιιιιιι
1303 1183 1335 1249 4.

249 1270 384 1349 eclipsim
400 1269 484 1329 illurn
495 1269 610 1343 reiicit,
632 1277 661 1326 et
678 1270 811 1347 Cyaxare
827 1278 983 1344 regnante,
1002 1289 1040 1327 ex
1064 1269 1208 1329 Herodoti
1227 1279 1258 1328 et
1271 1269 1338 1328 Eu-

249 1356 328 1414 demi
348 1354 434 1413 dictia
450 1364 479 1413 et
494 1352 767 1413 Astronemicarum
787 1353 959 1413 tabularum
982 1353 1234 1414 obaervatienibua
1254 1353 1338 1412 acci-

153 1446 185 1501 Ρ.
198 1446 233 1502 65
251 1440 329 1499 diaeo
347 1438 517 1501 contendit:
541 1439 625 1498 cuiue
647 1437 756 1497 calculi
781 1458 815 1497 ea
834 1439 871 1499 de
888 1458 975 1498 cauea
998 1439 1163 1517 probantur
1186 1439 1337 1512 certioreo,

249 1523 331 1604 qued
347 1545 363 1581 a
380 1525 477 1603 prime
491 1523 625 1583 delectur
638 1522 718 1581 illiua
733 1522 843 1596 limite,
873 1522 911 1581 ad
929 1523 1000 1602 Cyri
1014 1532 1130 1604 tempus
1147 1525 1199 1591 40.
1218 1523 1338 1582 circiter

249 1629 358 1677 annea,
380 1618 444 1667 tum
459 1607 598 1667 Mandani
611 1606 750 1685 coniugio
769 1608 979 1683 maturandae,
999 1616 1064 1667 tum
1077 1612 1154 1689 Cyro
1169 1608 1208 1666 ad
1220 1608 1338 1669 virilem

248 1702 374 1754 aetatem
387 1693 576 1767 deducendo,
598 1698 767 1753 numerent.
810 1691 1071 1772 Quantaecumque
1083 1714 1155 1753 vero
1173 1693 1248 1752 aliae
1262 1712 1339 1752 ceu·

247 1779 370 1856 tiparint
382 1776 543 1857 eclipses
518 1795 596 1837 circa
610 1777 641 1835 id
657 1786 790 1856 tempua,
814 1776 852 1835 ad
866 1797 931 1837 eam
944 1796 1021 1856 quae
1036 1777 1160 1838 Euaebio
1175 1778 1213 1836 ad
1225 1795 1338 1837 annum

248 1862 395 1923 Abrabam
412 1860 629 1927 maurellae
646 1858 774 1921 Authori
789 1872 999 1938 memorantur,
1022 1882 1170 1942 nunquam
1184 1869 1338 1943 apaetant:

247 1968 306 2007 une
322 1956 366 2005 est
379 1948 476 2021 enirn,
497 1965 589 2024 eaque
605 1965 774 2023 evpuueua
792 1948 915 2007 'lbalete
927 1946 1090 2025 praedicta.

331 2024 495 2127 Aorueiyrpe
520 2026 645 2101 Avdode
668 2030 889 2109 amanolipea]
927 2033 1052 2090 Vivente
1081 2030 1224 2091 nimirum
1254 2038 1339 2111 patra

248 2118 398 2195 Cyssaxare
427 2116 513 2173 cuiue
542 2114 642 2191 auapie
629 2113 682 2171 eiia
709 2114 870 2188 militabat,
899 2124 1015 2211 aumpta
1040 2116 1165 2176 veroin
1182 2115 1339 2193 onningen

245 2203 297 2261 Ar
291 2220 373 2273 rena
394 2198 495 2257 Medea
514 2197 633 2256 interet
649 2197 745 2276 lydos
761 2197 890 2257 ioedua
880 2200 990 2258 auitum
1007 2208 1068 2276 ιιι,
1093 2200 1174 2279 qued
1189 2220 1224 2258 eo
1243 2217 1339 2278 uaqua

245 2305 363 2344 eaerum
380 2283 488 2341 ιιιιιιιίι
505 2291 534 2339 ιι
552 2276 742 2357 inviolatum,
764 2282 860 2341 denec
878 2285 1059 2342 vindicando
1073 2285 1194 2362 Aatyagi
1209 2305 1225 2341 a
1242 2284 1337 2343 Peraia

244 2371 323 2447 regia
339 2368 407 2427 aede
428 2365 551 2446 depulso
558 2408 568 2443 ,
589 2365 669 2426 filim
693 2366 818 2445 Alyattia
836 2368 993 2428 Croeaua'
984 2389 1018 2427 m
1037 2369 1150 2449 Cyrum
1170 2388 1252 2428 arma
1267 2388 1338 2428 mo-

245 2454 324 2516 visae
339 2461 487 2514 narratur.

329 2532 462 2616 Ἀβᾶρεις
475 2527 600 2640 ntalem]
620 2534 788 2595 Verborum
803 2536 929 2596 iatomm
943 2536 1092 2596 laudanda
1106 2536 1247 2615 scaligeri
1265 2559 1336 2598 cor-

244 2623 355 2684 rectio:
366 2620 493 2701 ’Ἇβιιρις
507 2612 620 2701 villiers
612 2620 678 2679 ·de
694 2620 784 2680 Abari
799 2620 1060 2700 nauaquebomina
1074 2620 1210 2701 private,
1225 2623 1334 2702 dequo

244 2708 351 2770 Suidaa
367 2707 401 2766 V.
411 2702 553 2785 Αβαρις,
575 2724 636 2764 nen
652 2704 688 2763 de
706 2705 851 2765 Avaribua
871 2707 1011 2785 Scythico
1026 2706 1139 2787 populo
1152 2716 1197 2766 ιιι
1208 2705 1335 2766 Autlrori

243 2813 351 2853 aer.me
394 2791 440 2849 Ob
462 2790 626 2849 dictionum
639 2786 768 2871 ’Ἅβιιιιις
788 2799 818 2850 et
835 2784 971 2872 Ἀβιὶριις
996 2791 1170 2850 affluitatem
1194 2792 1335 2871 quodque

244 2897 299 2937 aue
315 2886 450 2956 tempore
464 2876 593 2933 Avarum
610 2894 681 2951 gem
696 2876 885 2934 llomanum
877 2897 906 2933 ιι
909 2876 1033 2955 iperium
1050 2876 1140 2935 armia
1156 2875 1332 2955 incurreret,

243 2962 281 3022 ab
296 2981 354 3020 una
369 2959 489 3019 transiit
503 2959 535 3018 in
553 2960 641 3018 aliam
663 2959 830 3036 librarium
855 2970 884 3019 et
897 2971 932 3020 ut
946 2960 1163 3020 hallucinatum
1180 2981 1211 3020 ae
1225 2963 1334 3021 latere·

242 3056 294 3106 tur
306 3056 336 3103 et
351 3044 492 3149 proderet
506 3046 622 3122 aptius,
643 3044 833 3122 marginalem
851 3046 989 3124 apperuit
1010 3046 1262 3105 observationem.
1282 3064 1334 3126 ep.

242 3132 372 3213 μείωσιν
395 3128 464 3209 περὶ
483 3122 626 3210 Ἀβάρώι.
675 3130 817 3188 Eusebius
840 3131 962 3189 Latinua
986 3132 1025 3189 ed
1053 3130 1260 3210 Olympiadem
1281 3132 1333 3197 54.

241 3214 347 3277 Ahar
318 3237 362 3273 ιιι
376 3214 413 3272 dc
423 3215 547 3291 n'qnlzia
563 3217 642 3271 ιιιιίι
658 3216 692 3273 ιἰι
714 3217 893 3275 Graeciam.
915 3216 952 3273 de
966 3216 1096 3275 Avarum
1108 3224 1194 3293 geute
1204 3216 1265 3277 late
1279 3217 1335 3275 Ce-

157 3351 158 3355 ,
243 3300 370 3375 dronae,
393 3308 421 3358 et
439 3320 494 3358 ιιοι
508 3299 539 3357 in
558 3300 643 3358 ebaer
646 3300 810 3359 rationibus
825 3300 862 3359 ad
877 3319 943 3359 eum
957 3300 1055 3359 edilia.

329 3344 514 3464 llbtleydpue
528 3409 544 3447 e
535 3379 694 3484 ’Σάμιος.]
711 3386 821 3444 Τιιιιιιι
836 3384 1029 3487 corruptione
1038 3383 1163 3444 vitiatur
1177 3382 1332 3464 becpecte

243 3469 462 3531 emaculandae.
494 3465 722 3577 Hebeyo'pee‘
706 3464 860 3573 edepoc
880 3463 1011 3567 diripere
1038 3462 1186 3575 pellicere
1209 3468 1333 3548 μέλλων,

242 3552 304 3615 dare
297 3550 437 3615 παίδων
455 3552 564 3631 ἐκρίθη
578 3551 654 3632 apale
665 3577 786 3632 πυγμηιι
801 3546 927 3625 decide·
940 3549 1064 3654 προβιῖς
1083 3550 1117 3615 δὲ
1130 3548 1202 3626 cede
1223 3549 1334 3655 ἄιδρις

241 3636 334 3700 ivero.
372 3639 465 3697 Aliter
478 3637 641 3740 interpolat
655 3638 794 3715 Scaliger.
818 3632 1031 3743 llutleyeipae
1015 3662 1032 3701 e
1044 3631 1162 3716 Σάμιος
1175 3630 1333 3717 ὄιιιμιιιιὶιι

240 3722 380 3802 ἐξειρίθη
395 3724 528 3797 παίδων,
551 3720 593 3794 οἷς
608 3715 740 3797 decide,
761 3717 977 3801 προσβᾶςιιιις
995 3719 1108 3801 ἄνδρας
1127 3720 1219 3783 delae
1250 3722 1332 3781 Ade-

240 3806 355 3866 leacena
377 3806 434 3864 luit
449 3808 558 3865 adea
539 3805 596 3866 iili
614 3816 755 3885 aepactu,
773 3814 812 3865 ut
832 3806 945 3865 viribua
964 3805 1155 3884 quantumvis
1171 3816 1331 3884 praeatum,

241 3890 279 3951 ad
301 3891 416 3970 puerile
435 3901 581 3949 certarnen
603 3912 618 3949 a
641 3891 781 3971 pueris*
782 3910 834 3949 ceu
857 3891 1008 3966 inlirmua,
1030 3910 1092 3948 neu
1110 3890 1270 3970 admiaaua,
1293 3892 1332 3953 ad

239 3975 321 4037 uirea
323 3995 531 4080 prpeucasua,
553 3985 662 4034 etcum
678 3976 719 4035 eia
735 3995 909 4051 conpreaaua
925 3935 1024 4034 vicea'r
1038 3974 1184 4037 evaderet.

323 4054 488 4139 'Appuyitev
504 4056 669 4140 Φιγαλιύς]
692 4060 851 4119 ilistorianr
867 4059 1006 4119 nonnilril
1022 4060 1176 4119 obscuram
1191 4059 1285 4119 suaiua
1300 4067 1333 4119 et

239 4144 401 4205 dilucidius
418 4147 510 4204 refert
523 4145 704 4205 l’uuaaniaa'
696 4166 727 4204 ιιι
745 4146 905 4205 Arcadicie.
940 4143 1024 4204 Tulit
1037 4144 1202 4205 Arraclrien
1218 4146 1332 4224 palmae

239 4231 313 4289 duae
328 4250 343 4288 c
359 4230 562 4309 superioribus
576 4230 816 4310 Olympiadibua,
839 4240 868 4289 et
887 4240 1022 4309 quartani
1034 4250 1125 4309 aupra
1145 4230 1331 4308 quinquage-

238 4316 358 4396 airnam,
381 4325 444 4373 tum
466 4316 543 4372 iuata
563 4335 663 4374 eorum
684 4316 734 4394 qui
754 4315 835 4373 ludia
859 4314 1067 4394 praesidebant
1086 4314 1247 4387 aeuterrtie,
1269 4322 1332 4373 tum

187 4416 191 4423 ·
238 4398 353 4461 virtute
376 4419 430 4459 aua
449 4400 579 4481 oppido,
601 4420 690 4479 quam
715 4400 862 4480 iuaiguem
883 4399 1002 4464 meruit.
1023 4400 1120 4459 tum
1140 4399 1220 4459 anim
1243 4397 1330 4459 victia
