3109 4959
526 443 587 511 ET
607 441 962 514 ANNOTATIONES.
1217 433 1293 507 837

202 601 349 683 synodis,
368 619 425 662 nec
438 621 499 662 non
517 622 555 661 ex
568 621 627 661 usu
646 601 800 663 immutato
818 601 873 661 sub
890 599 996 662 Carolo
1010 597 1065 659 IX.
1085 619 1163 660 anno
1184 601 1291 662 denum

203 690 296 752 1567.
309 691 361 768 qui
375 687 491 768 primus
504 687 584 768 apud
596 707 675 746 nosa
685 687 919 748 circumcisione
931 684 1065 758 Domini,
1086 705 1138 745 seu
1150 687 1292 747 Kalendis

199 771 332 831 Ianuarii
344 771 473 852 incepit:
495 782 581 832 antea
601 771 680 831 enim
703 764 805 831 iuncta
824 771 1061 833 Resurrectionie
1082 770 1162 845 dies,
1185 773 1292 832 natalis

199 865 265 915 erat
274 852 347 933 anni
360 857 469 918 nostri.
511 856 606 930 Quam
620 857 741 936 quidem
749 858 827 917 diem
840 879 857 916 a
870 858 992 937 Synodo
1001 855 1139 932 Nicaena,
1153 876 1190 915 ex
1202 877 1290 937 prae·

198 939 321 1022 scriptis
332 941 398 1000 illic
410 941 531 1020 regulis,
551 940 782 1002 observavimus.
818 942 908 1022 Prius
920 952 1019 1001 sutem
1036 960 1221 1022 quacumque
1234 942 1294 1016 die,

198 1043 263 1088 vua
275 1025 343 1085 Kal.
351 1026 446 1105 April.
457 1026 570 1101 suimet,
586 1025 700 1086 Pascha
714 1046 831 1107 semper
839 1026 1027 1087 celebrabant
1042 1034 1188 1086 nostrates
1199 1027 1294 1085 Galli:

199 1109 341 1188 quoniam
357 1109 466 1170 Christi
479 1111 669 1172 Resurrectio
685 1131 718 1171 ea
733 1113 782 1171 die
795 1113 886 1171 luisse
901 1111 1084 1184 tradebatur,
1101 1130 1205 1190 nempe
1220 1131 1295 1170 xxv.

197 1192 308 1253 Martii.
342 1194 376 1253 ld
390 1194 495 1254 docuit
511 1196 604 1275 llpist.
617 1196 767 1276 Synodion
784 1195 921 1277 Teophili
934 1194 1141 1263 Caesariensis,
1158 1197 1295 1255 Doctoris

198 1277 332 1357 antiqui,
346 1287 375 1338 ct
390 1279 486 1349 ricini
493 1253 736 1359 Apostolicorum
748 1290 927 1359 temporum,
944 1279 1070 1340 authore
1078 1279 1155 1337 Beda
1166 1300 1230 1359 cap.
1241 1283 1294 1346 47.

198 1363 310 1424 dellat.
325 1383 384 1423 rer.
399 1365 483 1424 cuius
503 1364 599 1445 Epist.
615 1365 707 1424 verba
719 1365 793 1424 haec
807 1385 869 1425 esse
885 1366 1031 1425 seruntur.
1077 1365 1187 1422 Omnes
1204 1366 1292 1424 Galli
1309 1364 1340 1414 V.
1356 1365 1374 1419 2

197 1467 293 1505 unum
308 1444 388 1505 diem
401 1451 664 1525 anniversarium,¹
676 1469 757 1512 7111.
774 1451 844 1510 Kal.
860 1449 937 1529 Apr.
948 1471 1007 1530 pro
1023 1447 1176 1508 Pueclrate
1189 1461 1296 1519 tenent,

197 1529 346 1589 dicenter.-
370 1531 460 1610 Quid
470 1533 556 1592 nobie
567 1547 610 1592 ert
623 1533 669 1593 ad
681 1538 790 1595 Lunae
803 1545 979 1615 computum
993 1555 1045 1593 nm
1061 1531 1186 1594 Iudaeis
1193 1537 1296 1608 faeere

196 1615 347 1674 Pascha?
373 1619 416 1676 Et
433 1639 503 1692 cum
516 1621 649 1679 Domini
663 1621 798 1679 natalem
814 1641 1004 1702 quocumque
1019 1617 1070 1676 alie
1085 1623 1198 1677 uenerit
1214 1639 1295 1678 7111.

198 1702 269 1760 Kal.
292 1701 420 1764 Ianuar.
442 1706 489 1762 ita
509 1724 589 1765 νιιι.
610 1706 681 1765 Kal.
699 1705 803 1785 April.
827 1704 950 1785 quando
973 1727 1009 1764 ea
1030 1703 1080 1761 die
1102 1705 1293 1762 Resurrectio

200 1785 318 1844 Clerieti
330 1788 436 1864 suisne
447 1787 587 1849 traditur
600 1789 738 1849 debemus
751 1791 877 1849 Pascha
889 1801 993 1852 tenere.
1036 1790 1191 1847 Caeterum
1204 1798 1234 1848 et
1246 1809 1294 1846 ea·

197 1869 266 1929 dem
284 1869 332 1930 die
346 1891 421 1932 xxv.
438 1873 551 1950 Martii,
574 1876 706 1955 feriaque
721 1874 835 1957 prima,
856 1875 986 1935 mundus
1007 1872 1102 1934 creari
1123 1873 1239 1954 coepit,
1262 1883 1295 1932 nt

195 1953 347 2016 Victorius
360 1967 390 2016 et
404 1957 456 2016 alii
474 1960 638 2033 tradidere,
660 1969 692 2019 et
710 1961 881 2021 incarnatio
898 1959 1010 2020 Christi
1031 1955 1166 2032 contigit
1207 1959 1294 2017 Atte-

195 2047 293 2099 statur
300 2040 449 2102 hubertus
461 2042 601 2123 Myraeus
614 2044 646 2103 in
660 2045 771 2105 Clrron.
785 2047 909 2126 praelat.
923 2045 1075 2118 Brabanti‚
1098 2041 1220 2101 Flandri
1234 2044 1294 2099 Cn-

193 2142 379 2186 meracenses
394 2127 433 2188 sd
446 2148 557 2188 annum
569 2149 664 2208 usque
674 2133 765 2197 1577.
781 2130 1022 2190 moreEcclesiae
1036 2127 1206 2186 Gallicanae
1222 2147 1292 2204 epo·

194 2207 287 2267 cham.
306 2210 340 2268 in
360 2210 502 2274 Paschate
528 2216 729 2275 collocarunt:
767 2235 843 2294 quae
872 2213 1068 2295 computandi
1086 2211 1165 2270 ratio
1189 2213 1292 2289 diplo-

193 2302 273 2352 mate
290 2293 372 2372 regio
386 2304 461 2355 tanc
477 2299 632 2378 antiquata
649 2309 709 2372 est,
731 2299 977 2381 commodioreque
998 2299 1121 2359 inducta
1135 2317 1152 2354 a
1165 2295 1292 2362 Kalend.

194 2376 311 2438 Ianuar.
327 2379 480 2460 principio
494 2383 672 2442 numerandi
688 2387 777 2443 lacto.

282 2481 461 2555 Κανονικῶς
482 2505 528 2557 τε,
550 2482 602 2546 καὶ
616 2481 818 2566 ἐξηγητικῶς.]
841 2484 874 2545 ld
893 2493 938 2545 est
958 2481 1173 2560 chronologica
1194 2491 1223 2541 et
1234 2481 1293 2542 Ηι

194 2561 306 2622 storica
321 2561 472 2626 methodo.
515 2570 627 2628 Rerum
643 2570 722 2636 enirn
737 2578 886 2647 gestarum
906 2567 1065 2650 pleraeque
1079 2550 1292 2640 leguntur‘hic

193 2647 397 2709 narrationes:
419 2660 449 2710 et
465 2672 513 2714 res
533 2653 653 2713 eaedem
674 2675 709 2713 ac
729 2674 891 2732 personae,
920 2655 957 2715 dc
975 2655 1083 2734 quihus
1097 2650 1292 2729 narrationes,

194 2730 234 2790 ad
247 2751 301 2791 sua
316 2742 452 2814 tempora
465 2747 690 2818 temporumque
703 2749 803 2817 partes
821 2739 994 2797 amandatae
1007 2737 1049 2796 ac'
1056 2735 1203 2814 repositae
1217 2757 1292 2796 con-

193 2815 373 2894 spiciuntur.
404 2821 516 2879 Seriem
530 2833 558 2879 et
570 2821 767 2900 diagramma
782 2832 950 2900 temporum
960 2821 1065 2880 Graeci
1078 2814 1223 2882 κανόνιον
1236 2821 1292 2879 ro-

195 2909 282 2973 cant,
304 2911 334 2958 et
348 2901 486 2980 διατάξαι
499 2910 682 2980 κανονικῶς,
704 2904 749 2963 nd
761 2909 925 2982 proprium
946 2908 1088 2985 temporis
1105 2903 1241 2962 ordinem
1263 2917 1291 2963 et

192 2986 288 3043 eitum
302 2987 449 3048 remittere
466 2990 589 3070 scripsit
599 2989 720 3050 huthor
735 2989 890 3067 Georgius.

275 3107 365 3190 ‘Oarip
385 3115 450 3183 τοῖς
465 3113 590 3184 πολλοῖς
604 3112 666 3173 miv
682 3109 842 3187 ἱστορικῶν
862 3101 900 3170 osi
920 3100 1179 3186 reparamentum]
1202 3104 1290 3172 Vete-

192 3215 240 3255 res
253 3193 321 3254 illos
337 3194 476 3257 authores
492 3195 645 3255 recensuit
659 3193 798 3256 Petavius
813 3193 866 3253 lib.
886 3196 936 3258 12.
952 3190 989 3252 de
1008 3191 1087 3252 doct.
1102 3191 1205 3271 Temp.
1222 3211 1288 3272 cap.

192 3284 366 3360 &amq

281 3301 443 3466 llinpeirp
456 3383 514 3443 rori
529 3371 647 3455 Mesia,
667 3376 718 3443 κε’.
740 3375 822 3462 παραὶ
836 3365 990 3459 Ῥωμαίοις
1004 3375 1171 3460 Μαρκίαν]
1194 3377 1290 3437 Geor-

193 3464 369 3544 gius.inh·a
392 3486 458 3546 pag.
483 3467 556 3532 315.
572 3463 641 3570 'priv
667 3459 741 3546 παρ’
767 3464 916 3545 Ἑβραίοις
940 3457 1041 3527 Νισὰν
1068 3458 1290 3542 superintentor,

192 3554 312 3628 πρῶτος
330 3547 412 3632 ἄγων
426 3549 551 3630 ἡμέρας,
573 3575 642 3629 ητις
655 3546 730 3613 eard
751 3547 807 3630 μὲν
819 3547 981 3630 Ῥαμαίους
1002 3551 1041 3632 τῇ
1054 3541 1104 3609 κε’.
1121 3549 1178 3608 τοῦ
1195 3551 1290 3627 Μαρ-

191 3637 259 3696 riov
281 3637 442 3715 συμπίπτει
456 3627 504 3706 niel
525 3629 630 3714 μηνός.
672 3638 788 3694 Menaia
807 3635 909 3693 Nicon
930 3643 1052 3690 creatur
1069 3634 1206 3690 omnium
1220 3633 1288 3708 pri-

181 3717 273 3796 'mus,
284 3718 422 3800 diemque
432 3718 656 3799 dueitprimna‚
670 3722 767 3801 quiin
778 3721 890 3779 Martii
900 3720 1011 3777 mencio
1019 3718 1170 3774 Romanis
1178 3717 1290 3773 ιιαίιαιί

193 3806 333 3883 quintum
358 3817 386 3864 et
407 3807 584 3865 uicesimum
604 3828 718 3885 semper
741 3807 881 3863 incurrit
932 3802 1020 3878 Quod
1042 3800 1083 3859 ita
1103 3800 1288 3880 principium

195 3889 266 3946 anni
288 3892 324 3948 ad
343 3890 444 3948 Martii
468 3892 520 3956 25.
544 3890 646 3969 alligat
667 3891 827 3968 Georgius,
858 3897 888 3947 et
903 3888 939 3946 ab
959 3907 994 3948 eo
1016 3905 1133 3964 semper
1153 3885 1288 3964 incipere

194 3972 315 4050 definit,
350 3975 516 4054 imperitiae
544 3985 605 4051 est,
638 3969 688 4036 ait⁸
704 3975 843 4036 Patavius
868 3971 920 4033 lib.
952 3977 981 4037 9.
1005 3971 1042 4030 de
1070 3971 1156 4028 lloct.
1183 3970 1287 4049 Tempe

194 4078 257 4136 caq.
274 4062 304 4123 3.
316 4078 412 4137 neque
426 4059 504 4119 enim
515 4060 606 4118 Nicen
621 4061 669 4120 die
683 4067 711 4127 1.
726 4059 864 4120 Christus
876 4056 1053 4129 resurrexit,
1075 4055 1126 4114 sed
1140 4055 1222 4112 Luna
1239 4060 1287 4118 17³.

193 4143 257 4201 Nec
271 4143 383 4202 ludaici
397 4145 490 4204 Niean
505 4154 595 4223 caput
608 4165 671 4206 esse
690 4146 786 4206 fixum
795 4189 805 4222 ,
827 4153 858 4202 et
876 4143 910 4202 in
929 4141 1028 4202 Martii
1042 4140 1093 4207 25.
1109 4159 1226 4220 semper
1242 4140 1289 4197 iu·

194 4226 294 4286 cidere
307 4247 492 4307 nequequam
506 4239 615 4309 potest.

166 4367 169 4370 ·
280 4327 405 4393 Θανάτω
426 4325 565 4393 θάνατον
586 4325 749 4408 amnicae-l
780 4327 895 4388 Allucio
918 4327 956 4386 ad
980 4324 1057 4385 illud
1078 4322 1290 4384 Pentecostarii

195 4393 523 4475 Graecorum‘solemni
541 4417 692 4476 Paschatis
707 4415 773 4485 die,
796 4425 826 4474 et
845 4410 1007 4472 Dominicis
1016 4429 1076 4489 per
1090 4408 1220 4468 Orientis
1235 4398 1289 4467 hc.

265 4514 363 4586 cong.
380 4515 519 4585 syncellus.
535 4515 570 4567 n.
973 4497 976 4508 '
1037 4500 1082 4563 22
