3109 4959
293 417 369 493 478
665 425 1013 498 Etfflttos‘rtottsss

365 578 442 665 Ἒνη
456 578 513 665 κη’.
528 579 604 649 κανᾶ
615 580 669 648 τόν
684 578 797 668 α’κριβῆ
808 578 920 667 λόγον]
939 584 1024 646 Nom-
1036 583 1110 647 huic
1128 587 1246 650 colcolo
1263 589 1379 670 reliquo

293 669 480 728 consentiunt
497 680 585 730 notae
597 681 752 750 sequentes
765 671 943 735 examinant

377 749 464 816 otro
482 751 540 837 γὰρ
563 750 785 836 tripertientes]
811 755 962 815 Dictiones
980 755 1056 816 istos
1074 754 1243 838 parenthesi
1264 763 1393 819 clamos·
1420 791 1425 801 ·

291 836 435 900 Authoris
453 840 640 919 propositum
662 850 841 914 evertentes,
862 860 916 900 seu
929 840 1113 914 deridentes,
1132 841 1169 899 sb
1183 860 1218 901 eo
1231 863 1381 923 nusquam

292 925 325 984 in
340 923 437 981 locum
455 922 537 982 bunc
551 925 690 986 remissae
704 934 785 987 sunt.
820 925 881 999 Qui
893 925 1001 984 etenim
1016 926 1147 1005 scipsum
1159 927 1283 1007 proprio
1298 928 1381 1008 stylo

293 1007 445 1068 confodiat
457 1009 608 1087 scriptori
627 1011 774 1070 Porticulo
789 1030 860 1070 vero
879 1010 1017 1087 cousolis,
1038 1007 1111 1092 γιίρ,
1132 1030 1201 1070 cum
1218 1009 1331 1070 leces
1350 1019 1383 1070 et

293 1093 357 1152 eius
370 1091 454 1151 onnis
472 1094 588 1152 nullum
604 1093 693 1154 babet
711 1114 841 1170 nexum,
862 1095 1030 1153 societatem
1041 1095 1173 1154 nullom:
1193 1115 1261 1155 cum
1274 1096 1383 1155 Meos·

212 1235 215 1242 ⁴
291 1175 360 1234 bem
380 1197 453 1235 vero
476 1187 611 1258 temporo
632 1179 671 1259 (si
687 1180 775 1238 modo
792 1198 914 1257 regnum
929 1179 992 1238 eius
1009 1180 1095 1261 onnis
1112 1179 1269 1238 duodecim
1285 1180 1383 1239 dime-

291 1258 413 1340 tismur)
446 1264 653 1340 percommode
681 1273 780 1343 potest
802 1283 963 1340 congruere
990 1265 1023 1322 in
1044 1264 1129 1324 bunc
1156 1284 1285 1323 sensum.
1326 1265 1383 1326 rori

290 1340 405 1426 ’lopuril
427 1340 469 1408 se'.
490 1345 678 1424 ἐβασίλευσεν
698 1345 837 1428 Μαναὴμ
854 1349 904 1428 ἔτη
920 1343 970 1447 qi.
997 1345 1089 1429 (miro
1110 1344 1169 1430 yoip
1187 1343 1383 1429 εὖρεθήσετοιι

290 1426 324 1491 τὸ
342 1425 385 1488 θ’.
406 1429 470 1502 ἔτος
488 1434 544 1492 τοῦ
562 1425 650 1508 Ὠσηὲ
670 1432 831 1511 συντρίχον
849 1437 892 1517 τῷ
912 1455 946 1501 ς.
963 1433 1019 1494 ἔσει
1038 1427 1170 1508 Ἐζεκίου
1185 1444 1242 1492 ete.
1260 1432 1312 1494 καί
1326 1427 1383 1496 oris

290 1509 387 1584 ἄλλως
411 1512 504 1592 (inid
525 1515 603 1574 enim
623 1519 722 1575 sonan
742 1513 796 1590 τί,
819 1516 870 1578 καὶ
885 1511 923 1578 ου’
938 1521 1052 1592 καλῶς,
1074 1518 1224 1578 emendari
1244 1515 1382 1597 requirit)

290 1591 367 1658 καθ’
383 1595 533 1680 ὃγίγονεν
547 1609 602 1660 etc.
624 1596 660 1660 coi
677 1598 710 1661 di
726 1598 820 1662 πολλοὶ
838 1605 900 1662 τῶν
920 1597 1115 1683 ἀντιγράφων
1137 1602 1187 1682 ἔτη
1211 1597 1240 1666 ι’.
1282 1604 1382 1661 Unum

290 1701 382 1760 porro
399 1692 428 1739 et
443 1684 572 1742 alterum
589 1704 745 1743 numerum
754 1731 762 1760 ,
787 1692 837 1752 10.
858 1686 998 1745 videlicet
1011 1708 1046 1746 sc
1062 1693 1112 1753 12.
1126 1686 1159 1746 io
1175 1687 1319 1747 correctis
1331 1686 1383 1746 vi-

289 1766 430 1844 tiatisque
456 1767 563 1826 tabulis
580 1769 722 1847 exhibeo,
745 1778 781 1849 ut
796 1791 871 1849 quoo
886 1790 924 1828 ex
939 1781 1066 1849 utroque
1082 1770 1244 1831 difficultas
1265 1771 1384 1832 enasci-

288 1859 359 1926 tur,
381 1859 411 1909 ct
424 1853 475 1929 qui
488 1853 572 1911 iuxta
588 1855 764 1914 alterutrum
779 1855 819 1913 sit
837 1855 959 1933 Georgii
977 1857 1075 1916 nostri
1096 1875 1217 1932 seusus,
1239 1857 1382 1916 coniectis

289 1935 323 1992 iu
338 1955 385 1994 cos
400 1938 495 1996 oculis
508 1940 663 1999 confestim
680 1938 881 2017 dignoscatur.
1362 1977 1366 1981 ‡

375 2022 444 2097 1¹⁰3·
467 2026 537 2088 203.
558 2018 607 2084 Ἐν
620 2019 717 2105 τούτῳ
725 2069 734 2100 ,
750 2017 808 2086 οὖν
822 2017 913 2105 εὖρον
925 2020 999 2103 κη’.]
1021 2025 1151 2102 Scaliger
1165 2044 1231 2105 pag.
1245 2024 1315 2085 Not.
1331 2029 1383 2091 66.

290 2103 350 2177 Qui
371 2105 472 2164 cll'usis
495 2105 616 2168 habenis
636 2111 669 2168 in
692 2111 853 2169 Eusebium
875 2110 952 2168 solet
968 2129 1072 2185 ruere,
1095 2109 1175 2170 diost
1195 2109 1283 2169 nobie
1305 2109 1383 2169 unde

288 2189 402 2249 1¹baccc
423 2194 474 2254 28.
498 2212 590 2252 annos
611 2195 815 2253 attribuendos
832 2194 918 2266 esse'l
946 2194 1047 2252 Unum
1064 2194 1123 2255 boc
1137 2195 1266 2274 opponit
1285 2197 1382 2255 Geor·
1411 2228 1417 2240 ·
1525 2172 1526 2201 r

286 2274 368 2420 pius,
392 2272 424 2378 ἐγ
442 2273 488 2335 ἑνὶ
503 2269 682 2361 ,ἀντιγράφςο
704 2281 772 2340 λίαν
786 2273 984 2364 ἠκριβωμένην
1000 2271 1090 2362 εὖρον
1105 2275 1160 2361 κη’.
1174 2279 1224 2360 ior]
1236 2276 1317 2365 σίτῳ
1331 2274 1384 2342 καί

303 2375 483 2436 στυιχειωσν.
1314 2410 1316 2414 .

374 2440 436 2503 Καὶ
451 2444 609 2525 συγκρίνας
627 2442 702 2520 πρός
715 2442 748 2509 si
763 2440 810 2528 ιβ.
826 2447 891 2523 ἔτος
902 2444 1020 2530 Ἄχαζ]
1046 2447 1236 2509 Attendendo
1261 2447 1383 2526 Georgii

289 2525 398 2601 verbo,
420 2536 450 2584 et
463 2530 527 2607 pori
544 2551 601 2607 quo
617 2531 719 2589 volent
739 2533 876 2592 ocuminc
896 2534 1088 2613 penetrando.
1133 2534 1310 2615 συγκρίνας,
1330 2534 1383 2590 iu-

288 2613 375 2689 quit,
395 2608 467 2691 πρός
480 2610 513 2676 τό
529 2613 687 2696 εἰρημένον
704 2611 752 2694 td·
767 2617 831 2690 ἔτος
841 2615 933 2698 ’Ἁχοιζ
944 2624 1056 2699 μᾶλλον
1074 2619 1197 2700 ἐγγίζειν
1211 2613 1246 2679 rii
1260 2621 1383 2696 πρῶτον

289 2695 354 2768 ἔτος
366 2689 454 2774 Ὠσηὲ
468 2694 543 2760 uteru*
557 2696 613 2779 την
627 2704 688 2762 τῶν
702 2703 859 2780 βασιλειῶν
871 2698 1010 2785 γραφήν·
1033 2698 1112 2764 oir‘ror
1126 2701 1178 2762 καί
1186 2701 1382 2781 trecentos«.

287 2782 409 2838 Annum
428 2783 501 2841 Osee
523 2784 653 2861 primum
667 2794 696 2843 et
709 2786 809 2844 Aclroz
826 2787 1035 2846 duodecimum
1050 2805 1111 2844 uno
1130 2785 1254 2863 colligit.
1295 2786 1335 2845 At
1355 2785 1383 2844 si

289 2865 365 2921 Osee
383 2885 480 2924 nonus
494 2867 523 2924 in
536 2868 656 2926 Esecise
670 2879 788 2929 sextum
801 2871 942 2944 incurrit,
961 2870 999 2930 od
1016 2870 1115 2929 debon
1130 2870 1279 2930 decimum
1294 2891 1383 2949 quor-

287 2957 352 3006 turn
369 2949 500 3008 ciusdem
515 2951 589 3010 Osee
603 2973 713 3012 annum
726 2956 855 3034 primum
869 2956 1015 3015 devinciri
1026 2975 1146 3015 necesse
1159 2963 1221 3031 cst3
1243 2955 1382 3035 ascriptio

287 3033 429 3092 nimirum
446 3035 599 3095 Manalrem
615 3059 706 3114 regno
725 3040 810 3100 orieris
828 3047 878 3107 12.
893 3051 928 3099 ut
942 3042 1003 3100 lcrt
1018 3040 1163 3100 sententis
1180 3059 1247 3119 pag.
1263 3044 1334 3106 202.
1348 3040 1382 3099 Β.

287 3120 424 3197 exposita
444 3120 496 3181 καὶ
518 3116 573 3184 ου’κ
593 3120 704 3198 ἄλλως,
736 3122 788 3186 καί
811 3119 850 3186 ori
871 3130 968 3198 καλῶς
994 3127 1089 3203 melo,
1118 3125 1204 3185 iuxta
1224 3124 1384 3184 lectionem

288 3211 446 3282 utromque
463 3204 666 3283 ineluctabili,
690 3229 728 3266 ex
749 3210 851 3268 euclem
872 3230 939 3290 pag.
961 3211 993 3271 G.
1019 3210 1099 3269 llsec
1115 3209 1183 3270 ideo
1198 3208 1288 3271 verbs
1305 3203 1383 3271 orirer

287 3283 345 3370 γὰρ
364 3284 576 3369 εὖρεθησετκι,
598 3311 652 3351 suo
668 3292 738 3352 loco
753 3303 833 3353 moto
847 3294 906 3353 ism
920 3294 1086 3355 observavi.
1349 3288 1353 3293 ⁴

371 3367 460 3451 Ὠσηὲ
474 3380 517 3454 τῷ
527 3369 564 3456 β’.
579 3376 776 3464 πληρουμένῳ
790 3375 960 3458 coibant]
981 3379 1069 3439 Haud
1083 3378 1172 3438 dubie
1183 3375 1311 3436 Librerii
1325 3373 1384 3434 suit

287 3475 392 3529 error,
412 3462 453 3537 τῷ
466 3455 515 3537 ιβ’.
528 3461 743 3543 πληρουμένην
763 3472 832 3523 onte
846 3465 969 3523 tertium
992 3464 1071 3522 enim
1089 3482 1199 3521 unitum
1220 3479 1283 3518 non
1305 3459 1382 3518 duo·

289 3539 422 3597 decimus
440 3542 492 3598 sod
513 3547 662 3604 secundus
676 3548 856 3626 completor:
878 3558 908 3606 et
921 3549 995 3605 Osee
1014 3566 1123 3605 novem
1137 3543 1206 3603 snni
1222 3542 1379 3604 undecimo

288 3622 388 3683 Acboz
403 3625 568 3685 secundum
584 3628 740 3688 Eusebium
753 3624 950 3705 terminandi,
971 3629 1053 3707 regni
1065 3628 1170 3687 'Acboz
1185 3626 1312 3687 obeunte
1328 3647 1381 3688 se-

290 3708 406 3782 cundo,
429 3718 459 3766 ct
472 3709 594 3769 incunte
606 3714 711 3788 tertio,
733 3715 918 3794 principium
933 3714 1035 3773 sortiri
1049 3711 1188 3773 debuere.
1298 3785 1306 3803 ·

378 3797 440 3856 Τοῦ
454 3791 488 3856 di
509 3790 623 3875 κόσμου
637 3793 757 3881 ,idid-l
779 3799 922 3878 Superius
939 3797 1051 3877 positos
1067 3797 1231 3856 errantium
1248 3796 1382 3856 cslculo-

289 3897 358 3940 rum
371 3878 589 3940 emendationes
607 3879 681 3940 baec
697 3883 847 3960 sequitur:
869 3883 953 3942 iuxts
974 3901 1063 3961 quom
1076 3881 1152 3942 Osee
1166 3901 1264 3940 onnus
1284 3902 1382 3942 nonus

290 3964 323 4023 in
341 3983 524 4024 communem
539 3966 644 4025 mundi
666 3969 760 4033 4769.
783 3967 869 4027 debet
888 3967 1038 4027 incidere:
1060 3988 1117 4047 qus
1129 3967 1167 4026 de
1185 3985 1274 4025 causo
1287 3985 1382 4046 nuper

291 4049 379 4108 dictis
400 4048 484 4110 houd
505 4060 643 4110 constans
663 4051 769 4110 scribit
786 4051 903 4113 Author
926 4051 1064 4113 inferius.
1099 4046 1177 4131 αὕτη
1200 4045 1306 4133 πρώτη
1328 4051 1383 4113 τοῦ

287 4127 402 4214 Ἰσραήλ
415 4135 598 4216 αἰχμοίοισίν
612 4134 747 4215 simones
760 4138 805 4212 είς
815 4131 998 4222 Ἀσσυρίους,
1012 4132 1080 4218 ἥτις
1093 4135 1216 4221 γίγονιν
1228 4130 1381 4218 οίργογιίνςο

289 4223 335 4302 spi
350 4219 423 4305 ἕκτῳ
438 4220 493 4283 ἔτει
505 4213 649 4299 Ἐζεκίου,
670 4227 806 4308 κοσμικῷ
818 4220 852 4284 di
869 4222 926 4285 ἔτει
939 4217 1029 4308 liud.
1050 4219 1256 4304 πληρουμένῳ.

376 4304 445 4382 Peg·
464 4305 535 4372 204.
554 4300 624 4369 Ἀπί
637 4310 694 4372 soti
711 4302 833 4395 γίιγγιξ]
858 4308 936 4370 Noto
956 4327 1081 4390 sequeus
1100 4314 1289 4391 promentem
1306 4321 1381 4363 ⁰⁰1·-

290 4385 607 4453 rectiooemvindiost.
891 4431 895 4439 .
