3109 4959
287 450 363 526 494
665 462 1010 532 EMENDATIONES

372 614 643 703 Ναβουχοδονόσορ
658 612 695 687 α’.
711 618 777 697 ἔτει,
795 616 908 702 κόσμου
925 619 959 685 δὲ
970 568 1078 710 Μ’]
1098 623 1371 690 Nabuchodonosor

287 721 383 765 annua
399 706 558 785 vigesimus
581 706 687 765 mundi
709 708 803 773 4908.
822 706 973 785 illigatur,
1000 727 1038 767 ex
1060 712 1210 791 corruptio
1229 712 1372 773 dutlaoria

288 788 421 854 calculis.
465 792 560 849 Aliam
572 810 764 849 numerorum
776 791 922 852 rationem
936 794 1052 872 profert
1066 795 1210 874 Georgius
1223 816 1291 877 pag.
1300 798 1371 864 226.

285 874 372 933 litera
392 875 428 935 D.
451 884 480 933 et
499 876 680 935 devastatam
699 875 881 936 Hierusalem
897 897 975 936 antro
995 879 1101 938 mundi
1123 882 1216 949 4903.
1230 889 1372 941 recenset.

286 957 334 1017 Ad
354 978 421 1016 eum
437 957 528 1037 igitur
548 960 650 1018 mundi
670 960 762 1026 4904.
776 970 807 1020 et
825 959 1099 1023 Nabuchodonosor
1112 965 1271 1042 vigesimus
1286 986 1374 1025 com·

284 1052 439 1145 parantur.
481 1045 590 1103 Errant
604 1066 695 1125 porro
710 1064 786 1123 quae
799 1046 910 1127 scripta
929 1057 1000 1106 sunt
1017 1048 1050 1106 in
1064 1050 1206 1125 margins.
1227 1051 1374 1129 opprimor

286 1150 331 1189 cu
343 1122 393 1189 κε’.
404 1130 463 1189 ’τοῦ
476 1123 756 1208 Ναβουχοδονόσορ.

375 1215 437 1273 Τοῦ
451 1210 484 1273 δὲ
498 1210 610 1291 κόσμου
626 1210 753 1296 Μαί]
771 1211 984 1273 Chaldaeorum
998 1236 1100 1295 regum
1113 1214 1329 1280 redundantem
1342 1226 1375 1277 et

285 1314 440 1355 erroneum
466 1299 615 1356 caleulum
641 1298 777 1377 sequitur
802 1296 853 1356 hic
879 1318 1029 1362 numerus.
1073 1302 1273 1363 correctionis
1290 1300 1374 1361 indi-

286 1400 350 1440 cem
373 1381 406 1438 in
422 1383 588 1461 marginem
611 1382 709 1446 retuli.
757 1384 832 1461 Lege
859 1382 1034 1463 sequentem
1061 1385 1203 1464 marginis
1230 1388 1374 1447 observa-

284 1465 407 1525 tionem.

369 1552 437 1625 Peg.
458 1551 529 1613 231.
555 1541 651 1621 Οὗτος
661 1545 714 1610 τόν
729 1544 801 1610 οἷόν
815 1542 956 1628 Ἰαακεόμ,
975 1545 1136 1631 Ἰεχονίαν]
1157 1553 1269 1613 Priario
1283 1551 1375 1613 Claal·

286 1633 425 1692 dacorum
446 1633 523 1709 regis
544 1633 650 1691 Evilad
671 1632 831 1704 Merodaclr
853 1634 938 1693 fastis
958 1656 1097 1714 praesens
1117 1637 1250 1696 narratio
1273 1636 1376 1696 ascri-

284 1718 392 1777 benda.
436 1716 566 1774 Factum
581 1729 624 1773 eat
639 1721 672 1774 in
685 1740 764 1776 tarano
780 1720 934 1794 trigesimo
950 1723 1073 1798 septimo
1093 1723 1376 1798 transmigrationis

285 1801 422 1861 Ioachim
442 1804 523 1879 regia
544 1797 639 1875 Iuda,
667 1823 763 1860 merrae
789 1800 982 1877 duodecimo,
1009 1807 1158 1883 vigesima
1177 1807 1306 1884 septim
1324 1802 1376 1864 die

285 1889 413 1963 mensis,
434 1886 602 1946 recoloravit
617 1884 829 1948 Euilnaerodac
844 1908 895 1944 rex
909 1888 1081 1964 Bcsbylonis
1094 1910 1175 1947 αηοιο
1191 1910 1251 1968 quo
1264 1910 1375 1969 regua-

285 1992 319 2029 re
333 1981 476 2050 coeperat,
492 1983 585 2049 caput
599 1972 735 2032 Iacchim
751 1974 832 2051 regis
841 1969 921 2031 luda
934 1971 970 2029 de
981 1993 1105 2032 carcere.
1121 1974 1151 2039 4.
1164 1974 1233 2052 lieg.
1247 1993 1313 2053 cap.
1323 1974 1375 2040 25.

283 2070 378 2197 guare
392 2056 579 2115 scribendine
591 2056 625 2116 in
638 2066 725 2116 textu
737 2052 877 2138 Ἰωαχεόμ.
920 2056 1030 2117 Eadem
1049 2076 1116 2138 pag.
1138 2058 1308 2139 praeeuntia
1325 2058 1375 2119 lit.

312 2141 420 2199 ‚lectm

324 2258 326 2261 ·
374 2245 436 2305 Τοῦ
450 2239 482 2304 δὲ
497 2236 613 2324 κόσμου
631 2232 762 2328 Μαί]
789 2236 841 2305 Ἐν
862 2238 965 2315 ἄλλοις
980 2266 1009 2303 αι
1024 2234 1198 2324 διήμαρτον.
1241 2241 1278 2302 ln
1300 2244 1377 2323 qui-

283 2322 415 2383 busdam
434 2327 540 2405 lapsus·
559 2349 626 2385 aum
647 2338 675 2384 rt
691 2330 833 2406 peccavi:
854 2328 960 2386 scribit
982 2325 1100 2386 nullior
1124 2326 1223 2407 pagio.
1245 2331 1317 2395 228.
1340 2328 1376 2390 C.

284 2406 382 2483 Quam
397 2412 556 2472 verissime.
600 2412 706 2485 Quoad
721 2413 875 2472 Medorum
892 2411 970 2472 enim
988 2431 1091 2489 regum
1104 2420 1254 2493 tempora,
1276 2421 1306 2471 et
1318 2411 1377 2472 de-

284 2493 422 2570 ductam,
445 2516 483 2555 ex
503 2496 810 2575 eorum·temporibus
830 2516 991 2572 summam,
1012 2506 1124 2576 neptem
1147 2497 1268 2574 integris
1289 2496 1377 2559 aunis

282 2578 333 2639 laic
352 2589 465 2661 peccat.
508 2583 668 2662 Astyages,
688 2581 801 2659 inquit,
823 2583 908 2641 antris
931 2591 1000 2640 octo
1021 2602 1111 2661 supra
1128 2581 1252 2659 triginta
1265 2600 1376 2659 regua·

280 2665 344 2739 vit,
366 2675 397 2723 et
418 2686 435 2723 a
456 2666 579 2725 corrditu
600 2665 798 2725 meridianae
816 2668 908 2733 4921.
925 2668 1069 2745 regnandi
1086 2667 1159 2725 fecit
1177 2665 1314 2725 initium:
1335 2662 1377 2724 ad

280 2769 391 2809 annum
410 2750 508 2830 itaque
522 2752 753 2830 4958..regnurn
766 2752 924 2830 protraxit.
967 2752 1012 2809 En
1034 2760 1133 2809 tamen
1146 2758 1181 2809 ut
1194 2750 1291 2827 Cyrus
1304 2769 1376 2808 suc·
1420 2820 1423 2827 Ι

280 2855 381 2894 cessar
397 2844 425 2914 et
440 2836 559 2896 invasor
574 2836 636 2895 eins
653 2836 821 2915 tyrannidis
831 2857 851 2893 a
869 2834 972 2894 mundi
986 2835 1080 2903 4952.
1096 2834 1171 2894 solio
1188 2853 1256 2892 euin
1269 2832 1375 2892 detur·

279 2918 350 2993 bat3
372 2920 535 2997 quinimmo
559 2921 701 2997 Georgius
722 2921 787 3001 ipae
801 2928 868 2979 octo
889 2928 919 2978 et
938 2920 1061 2996 triginta
1084 2917 1169 2977 annis
1190 2937 1258 2977 oum
1275 2916 1375 2997 impo-

279 3024 360 3063 raase
381 3004 550 3081 frequenter
569 3014 723 3083 repetens.
743 3024 890 3064 annorum
913 3012 1027 3081 septena
1041 3002 1141 3062 locum
1156 3002 1189 3060 in
1203 3000 1308 3061 muudi
1322 3020 1375 3061 ae·

279 3096 342 3145 tate
362 3082 515 3169 praeripit.
565 3088 699 3148 Dicemus
715 3088 836 3167 Astyagi
858 3091 909 3153 31.
932 3075 1081 3146 duntaxat
1102 3107 1196 3146 annos
1217 3086 1377 3167 imputan-

281 3170 358 3231 doal
385 3171 419 3230 ln
441 3174 599 3232 adversum
621 3181 781 3232 occurrent
804 3191 976 3232 eomruuues
998 3165 1253 3250 chronologorum
1275 3191 1375 3248 voees,

281 3254 401 3315 Eusebii
416 3257 559 3333 niaxime,
581 3257 716 3337 Astyagis
735 3277 829 3317 anuos
843 3260 895 3322 38.
915 3256 1124 3322 contestantis,
1146 3255 1265 3315 resistet
1280 3256 1375 3316 Media

281 3339 399 3417 regibus
413 3350 443 3402 et
458 3362 559 3409 eorum
576 3343 701 3422 imperio
718 3341 755 3401 ab
773 3342 885 3401 Arbaca
901 3340 999 3420 primo
1015 3342 1054 3399 ad
1068 3340 1222 3420 Astyagem
1234 3340 1374 3399 ultimum

282 3424 476 3485 ducentorum
493 3437 524 3487 et
537 3428 724 3507 septuaginta
739 3426 873 3506 quinque
893 3445 1040 3484 annorum
1057 3444 1215 3499 uumerus,
1235 3422 1375 3492 amandi

280 3508 423 3569 nimirum
439 3512 531 3577 4676.
550 3512 588 3571 ad
604 3511 739 3571 eiusdem
750 3512 842 3585 4951.
859 3508 977 3589 abipso
995 3509 1122 3589 Georgia
1144 3513 1273 3567 emortua
1294 3506 1375 3566 inin

280 3611 348 3671 ptg·
363 3589 436 3657 359.
455 3595 593 3672 quocirca
606 3595 760 3655 Medorum
774 3593 866 3654 alicui
884 3593 1019 3675 Principi
1037 3613 1132 3654 annos
1154 3601 1266 3672 septam
1283 3588 1375 3650 iuda-

280 3676 361 3735 bitoa
375 3674 494 3736 incauta
508 3697 597 3737 manu
612 3678 686 3738 salso
707 3678 852 3758 ascriptos
866 3697 929 3736 non
944 3690 989 3738 est
1004 3676 1218 3755 ambigendum.
1245 3672 1290 3732 Ac
1303 3694 1373 3734 cum

282 3758 442 3841 Apitami,
464 3781 551 3841 quem
565 3760 739 3821 Phraortem
753 3762 859 3821 scribit
871 3762 1025 3840 Eusebius,
1046 3784 1063 3820 a
1081 3756 1207 3838 Georgio
1224 3756 1374 3838 qninqua-

282 3846 364 3923 ginta
377 3854 407 3905 et
424 3865 514 3921 uirus,
537 3845 573 3903 ab
590 3844 716 3905 Eusebio
730 3846 787 3905 soli
803 3847 855 3913 24.
868 3848 939 3906 anni
954 3848 1015 3907 sint
1028 3841 1178 3919 attributi,
1194 3851 1308 3923 septem
1319 3863 1374 3902 su·

281 3930 414 4013 perfluet
431 3952 448 3989 a
461 3929 587 4007 Georgia
604 3950 759 3990 concessos
771 3931 889 3990 nullum
901 3931 1068 4011 perieulum
1080 3936 1125 3987 eat
1139 3927 1294 4007 suspicari.
1327 3926 1374 3987 11-

281 4014 328 4074 los
344 4014 458 4075 idcirco
471 4012 645 4075 rescindunt
668 4018 861 4076 correctiores
880 4015 919 4073 ad
934 4012 1074 4075 Authoris
1090 4012 1264 4072 seutentiam
1279 4032 1297 4071 a
1310 4031 1374 4071 no-

280 4098 328 4158 bis
344 4099 441 4159 editae
451 4100 579 4175 tabulae,
601 4119 674 4178 quae
691 4119 757 4160 cum
772 4101 926 4159 Medorum
941 4118 1043 4178 regum
1054 4116 1146 4157 aanor
1158 4095 1191 4155 in
1204 4096 1276 4164 275.
1291 4116 1375 4155 sum-

281 4203 360 4243 mam
382 4185 521 4263 colligat,
541 4193 688 4265 repertam
709 4183 791 4263 apud
810 4182 971 4243 Eusebium
991 4202 1095 4263 regum
1114 4181 1284 4243 eorumdem
1299 4180 1372 4248 252.

282 4264 441 4329 homedem
457 4270 571 4349 aliquot
586 4268 684 4329 adhuc
699 4266 785 4327 antiis
806 4275 972 4348 exsuperat.

370 4350 456 4417 Karai
478 4350 533 4435 μὲν
551 4358 612 4418 τοῖν
629 4356 848 4436 μαθημαῑικοῑν
862 4345 978 4415 κανόνα
994 4344 1075 4436 ροε’.]
1104 4350 1149 4416 Ita
1168 4344 1371 4434 pauset-1³·

284 4439 446 4500 correctius
457 4438 590 4518 legimns.
