3109 4959
616 452 871 524 emeseno.
1247 444 1297 520 65

202 612 325 675 sulcitac
344 610 448 674 Mosen
466 632 483 672 a
502 610 609 672 mnndi
622 612 745 675 conditu
758 616 852 681 3782
865 611 944 673 lucis
958 620 988 673 et
1001 612 1080 673 vitae
1094 612 1205 673 factum
1220 632 1296 675 con-

201 708 331 775 sortem,
351 698 526 758 succedente
547 700 737 780 postmodum
752 698 860 758 mundi
880 701 975 765 3812
1000 698 1134 779 captivos
1148 699 1294 762 israelitas

201 804 240 844 ex
261 783 395 863 Aegypto
418 783 558 844 liberatos
575 791 657 843 nans
677 804 758 845 mare
776 785 903 844 rubrum
916 783 955 842 in
974 782 1124 843 decatum
1146 784 1292 864 eduxisse,

199 865 274 928 hacc
290 888 351 928 uon
373 867 432 927 nisi
460 870 551 934 3737.
578 867 681 930 Mosen
696 879 811 945 crtum,
831 870 925 934 3816.
941 868 1049 929 deinde
1064 868 1169 927 ducem
1188 870 1293 950 prose-

199 952 308 1013 ctionis
327 952 439 1033 populo
454 972 485 1011 se
502 950 616 1014 dedisse
633 964 753 1014 narrata
776 954 920 1033 Babylam
936 953 992 1012 sub
1004 952 1096 1013 Decio
1113 952 1204 1013 iidem
1219 975 1291 1013 san-

197 1039 288 1116 guine
300 1038 433 1097 salminse
448 1056 513 1116 pag.
529 1040 601 1103 363.
620 1038 652 1099 C.
667 1038 721 1098 sub
733 1039 914 1098 Numeriano
926 1058 995 1117 pag.
1010 1042 1083 1105 386.
1095 1038 1130 1100 B.
1146 1049 1292 1101 memorat

199 1122 342 1183 occisum.
385 1119 602 1201 Praeterlapsos
618 1123 654 1182 ab
669 1122 833 1184 Alexandri
847 1131 944 1182 morte
960 1132 992 1181 et
1009 1121 1142 1194 stabilito
1158 1124 1290 1183 Graeco-

197 1226 268 1267 rum
282 1206 405 1287 imperio
422 1206 459 1266 sd
476 1205 554 1267 illud
568 1208 646 1267 idem
662 1208 784 1289 penitus
799 1226 935 1268 eversum
953 1216 982 1265 et
999 1207 1170 1287 Cleopatrae
1184 1227 1288 1268 necem

197 1292 278 1371 apud
290 1292 460 1369 syncellum
477 1292 555 1350 sorte
568 1292 701 1372 requires
716 1292 835 1352 annosi
854 1290 980 1354 Eosdem
991 1311 1116 1351 numero
1130 1295 1202 1357 298.
1216 1312 1289 1352 mox
1378 1312 1381 1315 ·

196 1380 268 1442 300.
282 1376 351 1435 alibi
366 1378 438 1440 302.
451 1375 721 1456 circumscripsisse
737 1386 875 1436 notarum
887 1396 952 1456 pag.
966 1378 1017 1441 80.
1031 1377 1087 1435 sub
1099 1376 1216 1435 initium
1233 1377 1289 1436 de·

198 1461 301 1521 clarat.
343 1460 438 1518 Taceo
451 1459 666 1541 imperatormn
681 1462 760 1520 inter
783 1480 845 1521 sese
865 1470 896 1519 et
919 1480 989 1519 cum
1010 1459 1190 1518 Pontificum
1210 1471 1288 1520 aets-

194 1545 274 1604 tibus
286 1544 438 1602 discordes
454 1544 667 1623 lmperatorum
679 1566 790 1621 annos,
811 1565 886 1624 quos
899 1544 949 1603 vel
961 1544 994 1603 iu
1006 1564 1183 1603 consensum
1196 1565 1289 1605 revo-

195 1638 283 1703 cant,
305 1629 354 1687 vcl
371 1627 403 1686 iu
421 1629 526 1687 melius
543 1630 706 1689 restituunt
724 1628 853 1689 scholia:
875 1638 905 1688 ct
924 1649 998 1706 quae
1017 1628 1134 1689 demum
1148 1630 1287 1690 Petarius

193 1734 250 1793 pro
269 1712 407 1789 solertia,
429 1713 532 1771 velex
553 1715 616 1773 veri
638 1715 873 1794 prosequutione
891 1714 1020 1787 Scaliger
1035 1712 1099 1791 ipse
1118 1713 1151 1770 in
1168 1714 1286 1792 Georgii

193 1797 314 1877 scriptis
329 1796 538 1877 deprehendit,
563 1796 636 1855 vitia
651 1809 812 1877 praetereo.
845 1796 1026 1855 Corrcludam
1042 1795 1134 1856 verbo
1150 1816 1286 1858 commo·

193 1882 278 1958 dius,
308 1882 391 1960 quod
412 1881 549 1960 pluribus
572 1900 722 1961 exponere
745 1902 903 1941 onerosum
933 1889 963 1964 ct
983 1899 1081 1957 grave.
1129 1882 1284 1959 syncellus

191 1965 453 2044 πολυμαθέστατος
474 1974 503 2023 ct
523 1960 753 2047 ἐλλογιμώτατος
773 1988 790 2023 a
803 1964 984 2045 Theophane
1003 1962 1122 2023 habitus
1142 1966 1176 2022 iu
1192 1986 1285 2026 unum

192 2050 321 2109 coniecit
336 2049 483 2128 plurima:
505 2049 583 2108 nihil
604 2051 687 2128 quod
709 2052 747 2109 ad
766 2050 927 2109 ilistoriam
942 2049 1071 2128 tempori
1092 2049 1285 2110 coniunctam

190 2135 338 2215 pertinet,
361 2133 477 2207 omisit,
498 2153 567 2191 vere
589 2129 761 2217 ἐλλόγιμοςι
791 2155 829 2193 ex
847 2133 973 2193 diversis
988 2133 1072 2192 varia
1087 2135 1284 2212 coacervavit,

191 2218 316 2297 digessit
331 2218 450 2293 ordine,
474 2238 548 2296 quse
563 2220 600 2277 sd
615 2222 777 2297 perlectum
793 2229 823 2279 et
836 2238 986 2279 summum
999 2218 1146 2295 fastigium
1158 2218 1285 2281 evehere

190 2324 272 2363 mors
295 2302 463 2383 probibuit:
486 2322 577 2381 quare
595 2304 673 2383 qnod
690 2304 727 2362 de
741 2304 872 2364 llistoria
888 2302 1092 2384 prosequende
1107 2302 1196 2366 sibin
1216 2325 1283 2364 mo·

190 2388 288 2448 rituro
310 2387 514 2446 commendata
537 2388 655 2468 scripsit
674 2388 885 2469 'l'lreoplaanes‚
915 2387 952 2446 de
972 2386 1214 2466 Cbrorrograpbia
1230 2409 1283 2450 rc-

190 2472 264 2533 licta
281 2472 312 2529 in
325 2472 429 2529 melius
446 2473 625 2532 emendanda
640 2474 735 2532 fidens
750 2472 973 2553 pronunciabo:
995 2474 1100 2552 βίβλον
1109 2468 1149 2552 ἢν
1162 2472 1282 2536 surisa-

190 2558 242 2631 ξεν
258 2550 346 2634 decisi
361 2555 569 2627 καταλέλοιπε,
591 2554 644 2620 sal
662 2551 804 2639 οίφορμιίς
818 2555 944 2636 παρέσχε
958 2551 995 2618 rei
1015 2556 1186 2620 ἐλλείποντα
1208 2552 1283 2621 τίνα·

190 2644 361 2721 πληρώσατε
384 2640 506 2717 libram,
529 2662 618 2721 quern
632 2654 841 2723 composuerat
854 2643 979 2719 reliquit
992 2643 1206 2719 imperfectam
1223 2662 1282 2700 cc·-

190 2728 402 2803 casionemqnc
419 2726 516 2784 sirnal
525 2727 687 2805 praebuit,
709 2738 836 2808 atquae
848 2724 1090 2785 desiderarentur
1105 2727 1209 2783 inille
1222 2727 1282 2785 alit

189 2811 302 2889 explere
319 2808 563 2889 ‹aggrederentnn
605 2813 862 2873 Animadverterat
881 2810 1122 2889 equidem-longe
1133 2811 1279 2891 mcpriue

189 2914 306 2954 errores
327 2894 426 2974 operis
442 2896 527 2954 istius
546 2897 738 2977 praecipuos,
769 2898 821 2977 qui
839 2896 917 2955 libro
937 2895 1069 2975 syncelli
1084 2894 1279 2955 describendo

189 2988 260 3038 ante
271 2999 365 3037 annos
380 2990 534 3039 sexcentos
550 3002 670 3060 operam
683 2981 819 3041 exhibuit
838 2979 1040 3055 amanuensis,
1061 2980 1109 3037 vel
1123 2979 1280 3040 alterrur·

189 3081 242 3121 sus
262 3064 430 3142 antiquior,
458 3072 489 3123 at
511 3076 590 3125 certe
609 3068 658 3126 vir
680 3088 742 3127 non
762 3065 917 3147 imperitus
939 3072 969 3123 et
987 3064 1032 3124 rei
1050 3061 1281 3141 Chronologicas

189 3146 330 3224 ignarus,
351 3148 488 3207 exuuias
504 3152 667 3231 exemplari
686 3152 747 3213 hlS.
769 3160 903 3210 nostrum
923 3148 1006 3207 istud
1026 3149 1125 3208 suerat
1141 3148 1281 3228 primitus

189 3239 370 3310 excerptum.
418 3232 446 3291 ls
468 3253 523 3293 nec
546 3236 676 3296 auctoris
696 3236 849 3313 inscitiae,
869 3254 926 3294 nec
946 3232 1119 3293 oscitantiae
1141 3233 1280 3311 cuipiam,

189 3314 243 3374 scd
267 3315 406 3373 audaciae
435 3316 626 3379 librariorum
647 3321 720 3395 soli„
742 3330 774 3379 et
794 3318 951 3401 praecipiti
971 3311 1169 3397 quorumdem
1188 3336 1281 3396 quas·

190 3418 308 3478 cunque
331 3418 378 3459 res
402 3400 580 3460 immutandi
601 3403 727 3464 consilio
746 3404 936 3483 perturbatos
961 3420 1108 3460 annerum
1128 3420 1279 3478 numeros,

189 3491 221 3542 et
235 3503 349 3544 errores
362 3504 438 3564 opus
453 3504 539 3545 omne
552 3486 692 3555 vitiantes
707 3487 861 3549 adscribit.
881 3484 1085 3563 Insigniseimo
1097 3484 1197 3565 itaque
1211 3486 1281 3545 ani-

189 3568 363 3644 madverso,
390 3569 429 3629 ad
449 3588 516 3649 pag.
541 3574 613 3637 231.
635 3573 796 3651 marginem
820 3570 951 3631 medium
976 3570 1127 3629 observat:
1154 3567 1230 3633 κατὰ
1243 3566 1279 3634 ed

188 3650 384 3734 παραδραμὸν
398 3650 591 3734 rudipannis
603 3651 825 3740 Καλλτγρτίφοιν
840 3656 882 3731 τίς
894 3650 966 3727 τούς
979 3658 1039 3716 τῶν
1053 3651 1200 3735 βασιλίσιν
1211 3648 1281 3737 χοί-

188 3759 263 3810 νοος
284 3735 360 3799 tato
379 3737 505 3821 τέσσαρα
526 3738 575 3820 ἔτη
590 3740 665 3805 nard
681 3736 861 3823 προσθήκην
878 3740 923 3814 τίς
935 3735 1009 3812 τούς
1022 3740 1193 3813 Χαλδαίους
1212 3740 1280 3803 τιτλ-

189 3840 283 3901 perc:
316 3822 587 3903 Calligrapdorurn
611 3831 775 3886 temeritate
801 3845 952 3885 armorum
972 3833 1107 3903 quatuor
1129 3844 1280 3883 excessum

187 3908 359 3984 irrepse‘ese:
386 3906 473 3968 etad
489 3907 713 3971 Chaldaeorum
730 3931 834 3989 regum
852 3910 965 3969 aetates
983 3907 1038 3965 illo
1053 3909 1207 3989 superfluo
1221 3907 1280 3968 ad·

189 3994 316 4053 iunctos.
361 3990 504 4053 Erratum
522 3994 605 4055 aliud
626 4017 689 4058 non
705 3996 837 4056 absimile
859 3994 1067 4054 observaverat
1077 3994 1167 4073 prius
1181 3994 1215 4052 in
1232 4012 1280 4053 ae·
1397 3991 1400 3995 ⁵

188 4073 337 4135 stimando
355 4094 503 4137 annorum
517 4098 659 4157 nnmcro;
682 4090 726 4159 et,
745 4085 834 4144 codro
856 4075 940 4159 οἶμαι
960 4070 1084 4158 σφάλμα
1101 4070 1143 4157 ἦν
1163 4076 1197 4141 te
1219 4082 1281 4140 soie

189 4154 426 4243 Καλλιγρᾶφοονε
456 4164 579 4241 lapaces,
609 4166 656 4248 ait¹
679 4184 745 4246 pag.
770 4165 839 4231 152.
867 4185 901 4221 ea
932 4165 1161 4221 arimenensium
1184 4183 1282 4220 errore

75 4276 79 4285 ι
190 4254 275 4303 totas
285 4247 454 4325 processit:
475 4250 656 4331 eosdemque
675 4269 810 4310 excessus
826 4268 861 4307 ac
880 4247 1013 4308 deiectus
1028 4247 1123 4307 omnis
1137 4265 1205 4307 aeos
1221 4246 1283 4325 agit

189 4347 256 4409 pag·
279 4330 350 4396 148.
375 4324 459 4409 οἶμαι
477 4330 510 4396 dl
529 4328 576 4397 iias
593 4336 627 4398 αί
646 4333 884 4417 προσθῆκαιααλ
904 4332 1050 4407 ἐλλείψεις
1067 4330 1224 4394 soie-droia
1238 4329 1282 4410 d}

189 4413 288 4487 αἰτίας
307 4418 370 4477 τοῖν
387 4412 609 4501 Καλλιγροίφοιν
632 4438 776 4504 γεγονασι.
811 4416 977 4499 Perspeetis
990 4414 1088 4493 bisce,
1107 4415 1282 4476 mutilatum

226 4510 324 4593 (ὅσοις.
342 4514 480 4584 Senectus.
496 4517 531 4572 11.
1057 4518 1078 4583 5
