3109 4959
198 385 205 401 '
287 396 364 470 see
649 398 994 471 namuurnosns

288 572 354 623 tum
366 580 457 621 unam
473 580 490 619 s
510 557 615 619 mundi
630 558 755 618 conditu
767 577 881 618 annuns
893 560 1005 619 reterre
1020 563 1050 616 at
1066 555 1205 640 alligare,
1226 561 1317 623 ethis
1331 563 1381 623 ills

287 664 469 728 praeponere
483 644 637 723 hucusque
651 644 772 720 solitus,
794 654 922 722 utraque
938 641 976 699 ab
991 642 1121 701 invicem
1137 645 1277 728 deinceps
1296 649 1381 708 diri·

288 754 335 806 sa,
358 740 387 789 et
407 738 532 793 aetatem
549 729 670 808 quidem
692 728 797 787 mundi
817 728 916 806 prius,
937 737 1003 785 tum
1025 729 1227 790 llomanerum
1244 734 1380 813 impera·

286 825 384 874 torum
401 815 589 893 aliorumque
603 814 704 873 eadem
719 822 813 871 aetate
828 812 994 872 viveritiusn
1007 821 1150 892 tempora,
1172 815 1277 875 ordine
1290 829 1380 896 certe,

284 898 415 958 stitutio
433 918 515 959 rrexu
534 900 572 957 ad
587 919 617 959 se
630 908 735 956 mutuo
753 899 854 957 iuncta
869 897 901 956 in
915 898 1104 976 sequentibus
1118 900 1270 962 describit.

370 977 498 1064 Κόσμον
511 978 623 1067 ,ευνη’.]
646 986 768 1061 itepono
786 976 889 1066 ,evodi
912 983 1006 1040 lulius
1020 983 1099 1041 eninr
1118 985 1225 1044 Cacsar
1246 1006 1308 1045 nen
1323 986 1381 1045 uisi

286 1068 414 1129 obeunte
428 1090 506 1127 atrito
520 1070 613 1133 5451.
625 1136 626 1139 ¹
638 1067 796 1126 itictatoris
809 1068 945 1125 exercuit
959 1088 1065 1126 nrunus
1073 1116 1083 1143 ,
1104 1072 1228 1129 incunte
1238 1071 1381 1129 nimirum

286 1154 466 1233 Olympiade
483 1158 552 1218 183.
573 1174 610 1210 ex
628 1153 754 1227 Georgia
772 1172 839 1229 pag.
855 1156 928 1217 303.
944 1153 977 1210 B.
994 1164 1062 1231 post
1076 1174 1170 1213 annos
1185 1156 1275 1231 igitur
1292 1156 1381 1234 quin-

286 1260 342 1317 que
363 1239 520 1318 imperium
540 1239 578 1295 ad
603 1240 695 1303 5459.
720 1237 902 1316 prorogavit.
945 1238 1083 1296 'liberius
1098 1238 1221 1318 insuper
1239 1264 1254 1299 a
1271 1241 1381 1299 ariundo

286 1324 409 1383 condito
424 1326 516 1388 5015.
533 1322 659 1400 suscipit
673 1322 831 1400 imperinm
854 1342 892 1378 ex
907 1341 973 1399 pag.
988 1324 1107 1395 31011.
1121 1345 1189 1382 cum
1210 1325 1302 1401 igitur
1317 1336 1381 1384 ter-

283 1408 398 1467 minum
421 1418 456 1465 ut
478 1410 625 1484 Augustus
645 1406 772 1482 attingat
788 1415 856 1484 post
878 1406 1113 1466 administratam
1128 1410 1179 1473 56.
1193 1412 1278 1467 annis
1294 1415 1379 1467 llous.

283 1492 428 1571 Rerrrpub.
445 1513 523 1550 antro
539 1494 631 1557 5459.
644 1492 747 1549 debuit
761 1495 798 1547 ad
811 1511 918 1549 munus
934 1491 1012 1549 iilud
1028 1494 1215 1552 subeundum
1233 1496 1379 1552 accedere.

285 1578 422 1652 lienique
435 1578 459 1634 si
476 1588 569 1656 prosu
584 1577 725 1635 subditur
743 1594 838 1633 annus
857 1578 962 1632 mundi
978 1577 1070 1641 5460.
1088 1576 1192 1635 obiens
1206 1580 1265 1637 luit
1282 1581 1379 1656 Augu-

285 1663 324 1720 sti
345 1646 492 1721 sceundus
515 1664 695 1740 completus,
724 1669 804 1719 certe
828 1680 906 1717 asino
926 1662 1018 1724 4559.
1040 1661 1196 1740 imperium
1211 1664 1310 1721 iniisse
1324 1685 1381 1741 ps·

287 1756 339 1807 tet.
382 1748 448 1806 Alia
468 1748 661 1806 correctionis
674 1745 764 1804 liuius
782 1745 891 1804 certior
904 1747 1076 1804 coniectura
1089 1749 1168 1805 tretis
1178 1749 1216 1806 ad
1229 1770 1295 1827 pag.
1308 1753 1379 1812 311.

284 1832 461 1909 suggeritur.
1346 1900 1350 1906 p

373 1920 423 2000 Τῷ
439 1910 513 2000 ,sbti
531 1919 587 1976 τοῦ
598 1909 735 1994 stirpen]
767 1914 917 1991 Augustus
936 1934 1015 1972 antro
1034 1913 1128 1980 4559.
1148 1915 1310 1994 imperator
1324 1914 1379 1973 de-

283 1998 413 2058 claratus
428 1999 591 2059 seeundum
605 2000 724 2079 imperii
740 2019 854 2057 animus
872 2000 978 2057 muudi
994 2002 1087 2063 4560.
1112 2009 1248 2058 numerat
1267 2020 1305 2057 ex
1324 2020 1380 2058 su-

281 2085 399 2163 periore
418 2094 498 2143 treta.

365 2161 452 2248 ’nod
467 2167 518 2229 sei
532 2167 555 2247 si
562 2165 707 2243 Ἵνδικτος
722 2167 913 2247 Arsaciden]
934 2167 1156 2243 Promuigaturn
1172 2167 1209 2226 ab
1226 2167 1308 2226 orbis
1323 2190 1380 2224 na-

282 2252 335 2311 tali
355 2271 433 2309 arsita
457 2254 550 2315 5460.
582 2254 708 2332 Augusti
736 2256 868 2311 secundo
892 2253 1070 2311 indictionis
1095 2253 1247 2313 decretum
1276 2253 1380 2328 asserit

282 2356 352 2394 cum
376 2336 505 2393 blaxituo
523 2334 682 2413 Georgius:
705 2337 749 2394 Ab
767 2338 840 2415 ipsis
861 2339 941 2395 orbis
960 2337 1150 2394 incunabulis
1166 2338 1379 2394 numerandam

280 2422 389 2480 volunt
403 2419 525 2491 Graeci,
548 2420 627 2496 quod
643 2440 741 2478 earum
761 2420 900 2498 periodus
918 2441 984 2477 cnm
1008 2422 1069 2477 cius
1092 2440 1216 2477 nurnero
1242 2440 1303 2479 non
1325 2422 1378 2479 in-

281 2525 411 2582 congrue
435 2507 608 2566 consentiat.
651 2507 810 2584 Excipitur
824 2525 920 2561 aristus
938 2524 1016 2561 unus
1032 2505 1125 2567 5460.
1143 2503 1304 2580 nimirum,
1326 2508 1379 2585 qui
1430 2573 1445 2594 ,

280 2612 347 2649 saum
363 2590 579 2669 multiplicatae
591 2590 791 2649 indictionum
814 2589 929 2668 periodi
947 2591 1024 2647 i'orct
1043 2589 1166 2666 quintus
1191 2589 1326 2649 decimus
1340 2610 1377 2649 cs

279 2676 407 2753 Augusti
431 2676 531 2748 iussu,
555 2678 640 2736 sinist
658 2677 722 2751 illi,
755 2674 929 2735 indictionis
949 2676 981 2734 in
1003 2683 1155 2751 posterum
1177 2677 1378 2733 nunni-andes

278 2762 395 2841 primus
409 2760 526 2818 habitus
539 2770 592 2820 est.
621 2763 726 2821 Paucis
741 2762 773 2819 id
787 2762 875 2819 docet
891 2758 1027 2819 Petavius
1042 2758 1176 2818 delicet.
1191 2761 1293 2835 i'errrp.
1309 2759 1376 2818 libr.

281 2850 332 2911 11.
360 2866 424 2922 cap.
443 2849 495 2909 39.
519 2855 548 2903 et
569 2864 649 2923 seqq.
669 2856 698 2904 et
719 2846 837 2907 Auctar.
857 2846 924 2902 libr.
947 2849 977 2907 8.
1000 2864 1065 2921 cap.
1089 2845 1118 2906 5.
1139 2843 1302 2915 biasimus,
1324 2844 1376 2900 in·

280 2929 362 3007 quit,
385 2928 550 2987 blotiacims
566 2930 596 2987 in
614 2934 759 3008 Computo
775 2930 973 2987 indictionem
995 2928 1039 2983 ait
1059 2925 1189 3004 coepisse
1211 2946 1290 2983 atrito
1314 2929 1378 2986 Au-.

279 3014 359 3092 gusti
375 3014 524 3085 secundo,
547 3034 633 3091 quern
653 3014 757 3071 mundi
773 3023 860 3090 putat
872 3016 965 3076 5160.
985 3010 1036 3087 qni
1053 3011 1166 3068 divisus
1180 3031 1233 3089 per
1245 3012 1377 3089 quinde-

280 3100 340 3155 cim
363 3099 415 3157 dat
435 3099 632 3159 indictionem
656 3102 703 3163 15.
726 3107 756 3154 at
777 3100 925 3175 Augustus
947 3096 1074 3174 primam
1097 3095 1179 3153 iliam
1200 3116 1261 3153 esse
1291 3099 1378 3157 iussit

280 3191 310 3240 et
324 3182 412 3246 inira.
455 3186 618 3260 Augustum
638 3184 784 3243 Maximus
804 3190 890 3261 putat
912 3202 968 3260 pro
990 3180 1157 3238 lndictionc
1180 3187 1228 3244 15.
1251 3184 1377 3260 primam

184 3277 267 3335 mr
284 3285 469 3342 numerasse,
500 3278 558 3331 etc.
591 3270 754 3327 Maximum
774 3268 909 3346 sequitur
937 3264 1081 3343 Georgius
1108 3266 1289 3341 blonachus,
1319 3281 1375 3327 etc.

280 3349 360 3409 llaec
376 3354 405 3406 S.
422 3348 445 3407 1.
464 3352 631 3429 Dionysius.
661 3354 800 3413 Petavius
818 3354 892 3410 alter
909 3352 1019 3410 Paulus
1042 3357 1162 3409 nomine
1179 3353 1319 3409 'linctatu
1338 3353 1376 3409 da

280 3435 436 3494 Annorum
458 3433 674 3496 incarnationis
697 3438 826 3516 epoclra,
859 3446 888 3495 et
911 3436 1145 3493 indictionibus:
1173 3436 1239 3493 Nun
1261 3435 1375 3507 tacebo,

279 3518 396 3592 scribit,
418 3536 454 3575 ex
471 3518 563 3575 ilione
579 3541 684 3578 census
698 3532 726 3579 ct
741 3522 862 3597 Augusti
874 3521 1087 3598 descriptiones
1101 3527 1272 3578 recensente
1287 3519 1375 3598 piura

279 3602 368 3663 tactile
380 3601 549 3677 induxisse,
573 3614 604 3661 ut
621 3624 687 3661 cnm
703 3604 895 3681 Cornputistis
911 3607 1059 3662 crederem
1080 3604 1229 3661 institutas
1245 3605 1301 3661 sub
1314 3605 1374 3661 Au.

278 3697 365 3766 gusto
380 3686 567 3746 indictiones.
612 3687 694 3759 Quae
707 3689 827 3765 quidem
841 3688 896 3746 sub
914 3688 1128 3762 Constantino,
1151 3698 1185 3744 ut
1201 3686 1291 3762 vulgo
1307 3708 1374 3746 cre-

279 3772 377 3847 ditur,
399 3770 446 3832 vei
461 3771 644 3847 Theodosio,
661 3780 695 3829 ut
710 3772 779 3829 ruit
795 3772 964 3847 Cedrenus,
986 3773 1081 3830 factae
1097 3773 1215 3828 demum
1227 3791 1374 3832 annorum

277 3856 391 3916 indices
400 3904 408 3935 ‚
431 3857 617 3936 Olympiadis
637 3854 769 3915 reiectis:
799 3876 859 3913 non
882 3857 970 3913 etiam
993 3857 1122 3934 primurn
1146 3856 1293 3916 inventae.
1338 3858 1375 3933 ld

276 3962 401 4018 sanum,
423 3963 479 4002 nec
503 3942 605 4001 l'ebriie
623 3962 684 3999 csse
708 3940 879 4015 convincit,
906 3940 988 4018 quod
1012 3940 1144 3997 lulianus
1155 3949 1184 3997 et
1197 3940 1317 4001 Paullus
1336 3945 1374 4002 de

277 4028 382 4087 Funde
396 4027 558 4088 lndictioni
574 4026 700 4104 obligato
715 4026 936 4105 responderunt
951 4024 983 4081 in
995 4025 1014 4081 1.
1027 4029 1054 4089 1.
1069 4027 1098 4088 3.
1112 4021 1142 4101 §
1159 4029 1190 4089 6.
1206 4026 1244 4084 de
1256 4028 1373 4087 Aetion.

276 4122 367 4191 cmpt.
382 4123 412 4171 et
426 4116 478 4180 28.
500 4114 537 4173 de
554 4133 610 4173 usu
625 4124 654 4171 et
669 4110 760 4170 usufr.
784 4109 899 4187 Ambigi
918 4118 1067 4188 praeterea
1084 4108 1172 4167 rideo
1190 4111 1373 4171 tributunrnc

276 4197 401 4275 eapitis,
425 4208 478 4258 aut
491 4199 661 4280 patrimonii
679 4196 777 4254 luerit.
822 4191 992 4275 Superque
1013 4194 1110 4252 risum
1124 4194 1214 4252 milri:
1236 4198 1272 4255 ab
1285 4196 1372 4255 initio

276 4282 407 4341 mixtum
430 4283 477 4343 ius
502 4295 658 4363 utrumque
683 4280 789 4339 luisse:
817 4301 884 4339 cum
905 4301 966 4338 non
982 4277 1091 4359 passim
1111 4300 1232 4356 onmes,
1255 4282 1305 4340 sed
1318 4278 1370 4355 qui

277 4366 445 4427 adsertam
464 4371 659 4449 quantitatem
678 4387 818 4446 agrorum
834 4366 1036 4448 possiderent,
1060 4374 1252 4427 censerentur
1272 4363 1369 4435 modo,
