3109 4959
265 425 340 497 436
635 439 980 509 snnnnarmnss

266 594 527 673 consanguinitatis
547 595 642 673 gradu
662 593 699 654 sb
718 582 861 676 Ephraim
875 603 960 674 patre
974 593 1023 652 vel
1041 611 1097 653 avo
1116 589 1328 650 descendentes
1336 590 1353 647 ‘l

265 679 313 736 Nil
333 699 379 737 me
398 680 488 756 stragis
507 679 558 738 hic
579 689 729 756 reseratur,
751 681 825 758 quin
849 679 957 737 Arniud
973 697 1066 755 aeque
1087 676 1181 734 lilium
1199 674 1353 753 Ephraim,

264 763 313 822 vel
328 764 412 827 lleria
427 764 608 843 praedicem
631 785 718 843 quam
733 773 767 824 ut
779 763 905 823 eundem
919 762 1030 822 Amiud
1049 759 1147 820 filium
1167 759 1287 818 [tandm
1308 765 1352 816 te-

265 867 366 923 neam,
389 848 487 927 aliqua
509 868 555 907 me
575 849 734 910 verborum
751 849 877 908 istorum
898 847 1064 906 authoritas
1083 852 1212 904 moveat.
1253 843 1352 901 lnter-

265 951 333 1011 pres
358 932 477 1010 quidem
494 933 615 992 latinus
637 933 739 993 Thaan
760 934 856 992 lilium
874 933 982 1006 Thale,
1002 931 1121 990 Laadsn
1137 929 1236 987 filium
1249 925 1353 985 Thoan

265 1035 392 1075 asserere
411 1016 546 1077 videtur-e
577 1019 708 1078 Graecus
728 1019 778 1078 uel
798 1017 947 1077 Hebraeus
961 1025 1060 1075 textus
1076 1014 1113 1073 sd
1129 1014 1207 1072 idem
1224 1011 1352 1070 sentien-

265 1099 394 1174 ‹lurpnil
411 1100 499 1180 cogit.
541 1100 701 1162 Veritatem
717 1111 907 1181 assequetur,
928 1101 980 1180 qni
991 1101 1036 1159 nil
1049 1100 1199 1158 discernet
1211 1115 1250 1154 ex
1265 1113 1354 1175 pree·

265 1173 406 1246 iudrhsto.
450 1185 568 1245 Atcnim
582 1187 607 1245 si
622 1187 818 1247 reverentiam
827 1208 844 1244 a
853 1205 900 1244 me
913 1194 1025 1244 tantem
1039 1184 1137 1261 exigat
1148 1179 1270 1239 Latinae
1285 1198 1355 1238 ver-

264 1268 344 1326 sioni
365 1270 566 1345 deferendam,
588 1279 622 1329 ut
643 1280 751 1330 cuncta
771 1271 834 1329 cius
853 1269 943 1328 verbs
957 1271 1049 1348 prout
1061 1268 1094 1326 in
1109 1267 1222 1326 cortice
1236 1271 1353 1339 sonant,

262 1361 292 1410 et
306 1353 480 1412 sententiam
495 1353 609 1430 iuvant,
628 1354 819 1414 accommode
834 1353 1011 1434 applicanda
1030 1351 1154 1430 gestiat,
1175 1348 1257 1408 circs
1278 1346 1354 1406 haec

263 1436 301 1492 ad
315 1436 473 1496 absurdum
488 1458 550 1497 non
565 1438 707 1500 dissimile
720 1439 847 1498 ductura
863 1458 924 1496 non
941 1436 1109 1497 inferiorem
1130 1435 1245 1494 cultum
1261 1451 1353 1511 expo·

264 1519 355 1578 stulo.
393 1523 470 1578 Sunt
484 1523 636 1600 caespitis
649 1522 779 1579 eiusdem
793 1521 883 1598 primi
899 1521 1024 1597 Paralip.
1043 1541 1074 1581 v.
1089 1525 1141 1584 20.
1162 1515 1239 1574 Filii
1252 1528 1355 1574 sautem

264 1605 330 1660 eius
353 1604 501 1678 Stridula,
524 1603 632 1662 Bared
638 1597 740 1679 filista
763 1606 843 1678 eires,
872 1602 1011 1660 llmlrutla
1022 1603 1123 1678 filices·
1143 1603 1228 1677 eires,
1246 1600 1355 1657 Elatia

256 1688 355 1763 filins
371 1689 453 1762 eins,
482 1687 727 1762 llrwatlesi'liua
743 1690 824 1759 elus,
845 1687 1047 1762 htcircsfilius
1066 1681 1192 1760 Zebud,
1212 1693 1240 1742 et
1258 1685 1356 1741 leuius·

256 1773 353 1846 filins
375 1770 522 1848 Suthule,
544 1783 572 1829 et
593 1772 687 1829 lenires
700 1771 801 1848 filins
821 1767 896 1828 Em·
911 1781 939 1826 et
954 1767 1051 1829 Elad.
1093 1768 1157 1828 Hos
1172 1770 1264 1828 sermo
1283 1787 1354 1827 curr-

263 1864 344 1929 ctos,
366 1854 402 1913 ab
417 1852 559 1934 Ephraim
574 1865 659 1934 patre
675 1856 782 1913 fratres
795 1853 875 1912 haud
891 1854 1003 1932 impare
1023 1852 1118 1930 gradu
1136 1851 1298 1929 distantes,
1318 1872 1354 1908 ac

261 1939 346 2018 quasi
362 1939 526 1999 multifidos
542 1959 580 1998 ex
596 1959 656 1999 uno
680 1940 762 1998 lente
777 1937 860 1997 rivos
875 1936 1088 2017 procedentes,
1109 1936 1281 1996 asserendos
1301 1955 1353 1993 au.

261 2043 368 2100 guror,
390 2043 428 2082 ne
441 2024 536 2083 filium
552 2019 660 2102 Ioseph
673 2022 816 2103 Ephraim
835 2031 948 2102 patrem
968 2031 1063 2105 estate
1085 2027 1241 2100 superasse
1263 2019 1353 2080 lateri

262 2128 418 2186 cogamur,
443 2109 495 2186 qui
518 2128 584 2168 cum
612 2109 744 2167 liliorum
764 2107 883 2198 tprtiam
904 2107 1051 2166 duntesat
1071 2106 1181 2165 viderit
1204 2105 1352 2164 successi-

261 2213 328 2250 vam
348 2193 476 2270 prolem,
495 2193 547 2254 ille
560 2213 669 2251 nonam
681 2191 828 2270 attigisse,
851 2201 881 2250 et
895 2192 956 2251 eius
969 2191 1059 2250 aetati
1074 2210 1217 2250 coaevtun
1233 2199 1353 2268 tempus

261 2277 383 2334 duxisse
398 2275 654 2356 deprehendatur:
676 2278 742 2357 pari
758 2296 827 2335 sane
840 2276 956 2335 ratione
978 2277 1051 2334 alios
1074 2273 1248 2354 praeposito
1265 2283 1353 2332 textu

261 2361 402 2435 obiectos,
420 2360 502 2420 haud
514 2361 555 2420 ita
570 2361 649 2420 lilios
662 2382 678 2418 a
693 2353 828 2442 patribus
845 2361 950 2420 ordine
966 2368 1158 2418 concatenato
1170 2379 1352 2438 progressos,

260 2464 351 2522 quam
366 2447 470 2504 lintres
488 2446 525 2503 ab
541 2446 643 2505 eodem
659 2447 750 2504 sermo
766 2456 851 2524 patre
869 2456 952 2503 ortos
965 2465 1119 2504 necessum
1137 2454 1181 2502 est
1195 2445 1351 2502 affirmare.

260 2528 314 2586 Sin
329 2537 363 2586 ut
385 2518 471 2588 lictds
491 2530 671 2589 lsraelitieae
684 2532 716 2588 in
728 2531 862 2608 Aegypto
879 2529 1117 2588 commorationis
1130 2539 1159 2587 et
1175 2529 1262 2606 longe
1275 2547 1351 2607 pro-

260 2612 382 2671 lixiores
403 2615 540 2672 ducentis
561 2623 591 2673 et
611 2615 782 2692 quindecim
803 2633 897 2672 aranos
911 2634 1071 2692 ponamus,
1092 2613 1165 2670 alios
1180 2633 1271 2692 super
1286 2613 1351 2670 aliis

260 2705 291 2754 et
311 2697 445 2776 patribus
465 2699 543 2758 filios
558 2699 646 2776 longe
666 2699 741 2758 serie
763 2699 955 2757 succedentes
975 2717 1013 2756 ex
1031 2717 1092 2755 una
1108 2696 1249 2775 Ephraim
1271 2696 1351 2755 trihu

259 2781 474 2860 producimus:
496 2803 552 2841 cur
564 2793 635 2862 post
646 2783 770 2840 sliarum
786 2783 919 2839 tribuum
933 2783 1028 2860 capita
1044 2781 1147 2838 llnben
1159 2781 1231 2839 Levi
1244 2780 1351 2860 loseph

260 2875 317 2923 etc.
339 2867 440 2944 plures
458 2887 492 2923 ac
508 2867 609 2945 plures
625 2885 726 2925 eorum
740 2874 876 2944 posteros
891 2866 958 2944 pari
971 2866 1074 2924 ordine
1087 2865 1279 2924 scaturientes
1294 2887 1350 2946 op·

258 2949 357 3026 posita
379 2950 521 3008 sententie
544 2971 607 3010 non
628 2949 780 3009 ostentat'l
810 2949 981 3022 Quinimmo
1005 2951 1070 3030 ipso
1092 2950 1164 3008 rrovi
1183 2950 1351 3028 veterisque

259 3033 387 3091 leoderis
401 3035 569 3092 testimonio
582 3044 714 3112 posteros
723 3033 814 3092 ludas
830 3033 1016 3092 Patrisrchae
1030 3035 1182 3092 excedent
1197 3055 1267 3092 cuin
1278 3033 1350 3092 Levi

258 3118 442 3195 reliquisque
454 3128 543 3196 ,patre
557 3118 632 3191 orti,
647 3118 699 3175 ubi
714 3118 884 3196 diligentius
898 3118 1094 3178 observantur
1112 3128 1142 3177 et
1158 3128 1351 3191 recensentur

259 3203 440 3276 accuratius,
458 3223 519 3260 non
532 3202 590 3262 nisi
605 3222 665 3259 uno
679 3202 727 3260 vel
743 3202 836 3259 altero
849 3203 954 3280 capite,
969 3223 1003 3262 eo
1016 3203 1121 3285 spatio,
1136 3204 1173 3262 de
1187 3224 1246 3281 quo
1258 3204 1349 3262 iusti-

257 3294 344 3345 tutus
355 3306 467 3360 sermo,
486 3287 557 3346 Levi
570 3295 694 3365 nepotes
706 3304 847 3364 superare
861 3285 948 3344 sacile
962 3288 1129 3365 probamus.
1175 3285 1286 3361 leaders,
1303 3287 1349 3345 in·

257 3371 341 3448 quit,
359 3373 468 3450 gerunt
482 3371 612 3444 Pheres,
626 3371 745 3428 Plrarrs
761 3381 863 3426 ceratem
875 3374 981 3448 genuit
994 3374 1112 3442 Errare,
1122 3376 1229 3432 ‘Esron
1247 3383 1349 3430 autem

255 3458 361 3530 generat
376 3454 486 3532 Arcam,
506 3455 604 3513 Aram
617 3465 720 3512 aretem
732 3458 839 3531 genua
850 3454 1038 3534 Aminndnd,
1059 3455 1235 3515 Amiuadcb
1247 3469 1351 3515 suurn

255 3541 364 3616 genuit
382 3541 544 3598 Mens-son:
565 3539 615 3598 hic
628 3549 727 3597 autem
740 3539 815 3598 hlosi
830 3549 1022 3616 coaetaneus,
1037 3549 1075 3602 'et
1094 3542 1212 3601 iuvenis
1227 3541 1350 3620 quidem

259 3641 328 3680 cunr
343 3622 439 3682 Moses
461 3623 499 3682 ad
512 3625 703 3682 maturiorem
716 3623 775 3681 iam
792 3634 951 3702 provectus
974 3633 1049 3684 esset
1068 3633 1202 3683 aetutem.
1245 3627 1350 3688 Plures

259 3725 351 3784 porro
370 3707 401 3766 in
419 3707 476 3766 hac
492 3707 578 3766 ludas
592 3707 702 3785 stirpe,
725 3726 815 3782 qnam
835 3705 868 3762 in
882 3707 978 3767 altere
991 3707 1063 3767 Levi
1078 3707 1104 3766 si
1119 3727 1270 3785 numeres,
1291 3712 1349 3770 ob-

256 3799 335 3850 stsre
348 3812 408 3851 non
420 3791 573 3865 censebis,
596 3791 669 3869 quin
683 3789 762 3848 idern
784 3791 926 3869 temporis
940 3791 1068 3870 spatium
1087 3800 1247 3872 utramque
1262 3815 1350 3854 corn-
1440 3852 1444 3856 t

257 3875 399 3936 metiatur
409 3876 632 3950 successionem,
651 3895 720 3934 curn
737 3873 830 3932 serius
842 3875 943 3933 forsan
952 3878 1076 3956 nuptias
1090 3877 1202 3938 inirent
1215 3880 1348 3955 Levitae,

257 3960 306 4020 vel
321 3971 414 4020 aetate
428 3961 488 4018 ism
504 3961 671 4039 grandaeva
687 3959 804 4036 prolem
815 3959 996 4038 suscepisse,
1017 3970 1047 4019 et
1062 3962 1166 4022 blesen
1181 3963 1241 4021 iam
1260 3973 1348 4024 octo-

256 4045 410 4120 genarium
424 4045 592 4104 ducendum
608 4044 753 4125 populum
770 4043 802 4101 in
816 4063 848 4102 se
862 4045 1009 4122 recepisse
1029 4055 1154 4109 constet.
1196 4049 1294 4120 Quam
1309 4049 1348 4107 ds

256 4127 320 4186 lobi
338 4129 464 4209 posteris
481 4130 608 4209 opponit
622 4127 828 4188 difficultatem
843 4129 1050 4188 Genchrardus
1069 4131 1236 4207 somnians,
1257 4131 1348 4192 habet

256 4211 337 4291 apud
352 4213 470 4291 vigilem
493 4214 723 4292 expositionemz
751 4211 882 4289 reliques
896 4211 1013 4272 duthor
1029 4215 1061 4272 in
1076 4217 1267 4294 sequentihus
1290 4235 1347 4274 ex-

255 4295 356 4355 solvit.
397 4296 540 4356 Nonnihil
563 4301 683 4357 tandem
702 4295 829 4355 obmutit
844 4296 973 4375 Scaliger
989 4318 1056 4379 pag.
1077 4301 1147 4360 Not.
1168 4307 1218 4367 17.
1260 4302 1346 4358 Ilaec

256 4380 477 4460 irrterpretatr'o,
499 4383 620 4459 scribit,
643 4403 702 4440 nors
729 4379 980 4442 demonstratione
1001 4388 1128 4464 nititur,
1156 4385 1212 4444 sed
1231 4383 1344 4446 netto-
