3109 4959
264 426 340 500 416
635 433 979 504 EMENDATiONES

345 595 414 674 Peg.
435 598 486 662 97
511 585 729 674 ’Λσσυρίωνόἴ
754 590 942 673 ἐβασίλευσεν
957 584 1100 671 Nimiae]
1132 593 1173 652 Ut
1193 612 1209 652 e
1228 592 1347 672 Georgii

262 679 396 760 seriptis,
416 679 458 738 ita
479 698 517 736 ex
537 677 656 757 proprio
677 677 836 736 industria
842 675 1005 735 Eusebium
1029 675 1086 733 sibi
1106 675 1192 754 fingit
1218 679 1347 756 Scaliger

260 785 328 846 pag
350 768 399 830 19.
422 771 451 822 et
471 762 508 820 ad
528 760 602 821 baec
623 761 779 822 subnectit.
831 762 930 823 Νίνου
951 754 1113 859 Ἀσσυρίων
1136 759 1347 840 βασιλεύοντος

260 851 435 930 Αἰγυπτίων
448 840 687 926 ίβασίίευσεν’
654 869 697 909 ιε.
718 842 853 925 Μιιίμων
870 845 920 925 ἔτη
941 838 988 906 sd.
1036 843 1116 903 inter
1135 848 1347 926 Aegyptiorum

228 941 233 950 “
261 953 344 1011 reges
360 953 424 1013 pag.
444 940 600 1010 praeeunte
621 931 773 991 ordinatos
789 937 905 988 sextum
920 928 1067 987 decimum
1087 929 1255 990 observavit
1269 951 1346 990 sno-

261 1016 672 1096 nyrnunr,annoseius14.
697 1013 863 1091 sGeorg'vro
883 1023 1070 1087 numeratos,
1090 1014 1154 1072 eius
1177 1024 1291 1096 ternpus
1311 1015 1349 1074 in

261 1101 366 1161 mundi
386 1103 478 1166 3220.
500 1100 582 1158 iuxta
604 1099 722 1178 Georgii
748 1098 879 1157 calculos
894 1098 1028 1157 incidens
1045 1057 1233 1158 observavit.
1257 1120 1346 1178 prac-

260 1206 327 1245 sens
340 1186 438 1262 itaque
454 1185 560 1242 lemma
578 1183 648 1262 (quo
663 1184 765 1244 fictum
779 1183 934 1242 Miamonis
949 1202 1071 1256 nomen,
1092 1182 1231 1242 lacunam
1246 1185 1349 1262 reple-

259 1290 293 1330 re
307 1279 421 1350 potest,
446 1277 476 1326 et
496 1268 628 1327 adiuncti
651 1270 699 1334 14.
719 1269 789 1327 anui
807 1288 872 1326 cunr
888 1287 1034 1346 anonymo
1047 1267 1241 1341 conveniant,
1261 1268 1345 1346 ipse·

260 1375 319 1434 que
331 1373 495 1432 anonymus
510 1352 588 1412 circa
604 1353 707 1411 nrurrdi
722 1357 816 1418 3220.
836 1352 984 1425 extitisse,
1006 1371 1066 1430 quo
1085 1353 1178 1412 Ninus
1196 1351 1346 1413 Abrabam

188 1499 194 1511 ,
258 1439 389 1518 aequalis
403 1457 440 1496 ex
452 1437 570 1496 Eusebii
582 1447 710 1517 supputo
725 1437 805 1495 iuter
819 1437 905 1495 vivos
918 1435 1028 1513 agebat,
1049 1435 1226 1515 reperiatur)
1241 1457 1257 1494 e
1271 1439 1347 1496 Sca·

256 1522 350 1600 ligero
367 1533 507 1602 tanquam
521 1542 558 1580 ex
574 1522 692 1600 Georgii
706 1521 825 1599 scriptis
841 1531 1011 1600 reparatore
1027 1520 1220 1580 adinventum
1236 1530 1267 1579 et
1284 1521 1346 1580 bue

258 1608 427 1687 appositum
443 1616 497 1664 est.
539 1607 679 1665 Scenicus
693 1615 847 1664 esttamen
866 1615 895 1662 et
916 1625 953 1663 ex
970 1604 1060 1663 dubio
1079 1605 1204 1685 Ioseplro
1223 1615 1346 1664 mutus-

257 1700 307 1750 tus
329 1693 382 1755 ille
403 1691 532 1749 Miamon
554 1691 607 1769 qui
627 1691 750 1769 quintus
774 1690 905 1749 decimus
927 1690 1004 1748 sexti
1030 1689 1138 1746 decimi
1156 1695 1346 1772 προσωπεῖον

257 1795 361 1852 gerens
377 1776 529 1835 educitur:
552 1796 659 1834 nornen
673 1775 891 1850 eiusdsricauo‚
907 1774 1040 1846 Eusebio,
1053 1774 1182 1851 ,Georgio
1197 1785 1226 1833 et
1241 1777 1345 1853 ityns·

257 1861 380 1920 etiarum
396 1861 606 1938 Aegyptiarum
621 1860 875 1938 recognitoribus‚
900 1857 1002 1938 stipsi
1023 1859 1169 1934 Scaligero
1190 1859 1222 1916 in
1243 1861 1345 1917 Gano-

256 1945 347 2003 nibus
360 1945 515 2021 isagogicis
530 1945 733 2022 incognitum:
749 1954 778 2002 et
789 1943 901 2002 incidat
913 1943 984 2002 licet
997 1944 1061 2002 cius
1075 1952 1191 2022 tempus
1207 1943 1239 2001 in
1256 1963 1345 2002 mun·

257 2029 290 2087 di
310 2033 409 2094 3229·
428 2047 463 2084 ex
487 2028 606 2104 Georgii
626 2039 773 2108 supputo,
796 2028 955 2087 Abralmmi
976 2037 1074 2086 tamen
1093 2047 1127 2086 sc
1147 2027 1217 2086 Nini
1234 2036 1344 2086 aetates

258 2115 344 2170 annis
360 2114 421 2171 iere
435 2122 553 2171 centnm
570 2114 737 2188 praevenit,
761 2133 828 2171 cum
849 2113 993 2190 Georgius
1009 2120 1169 2190 utrumque
1182 2112 1222 2170 ad
1237 2111 1344 2170 mnndi

255 2199 350 2262 8312.
370 2206 504 2274 seponat.
548 2197 641 2255 Causa
660 2197 760 2274 itaque
783 2198 997 2275 Scaligerianae
1017 2197 1147 2255 fictionis
1176 2206 1221 2255 est
1245 2215 1345 2255 annus

254 2281 362 2339 mundi
377 2284 471 2346 3220.
488 2301 505 2338 a
526 2281 651 2359 Georgio
668 2291 862 2354 memoratus,
885 2290 915 2338 et
930 2281 966 2338 ab
981 2281 1107 2340 Eusebio
1121 2281 1190 2340 Nini
1201 2290 1231 2339 et
1247 2281 1344 2340 Abra-

254 2361 325 2424 bam
346 2364 477 2444 aequalis
497 2366 623 2444 tempori
648 2365 800 2424 addictus:
829 2365 1018 2442 deiectaeque
1037 2366 1127 2425 simul
1148 2365 1277 2424 fictionis
1298 2373 1344 2425 est

253 2447 334 2507 idem
349 2469 445 2506 annus
465 2449 574 2508 mundi
596 2453 690 2515 3220.
708 2449 761 2528 qui
784 2448 865 2527 apud
881 2448 1041 2524 Georgium
1061 2449 1131 2506 Nini
1153 2447 1343 2507 etAbrabam

253 2542 370 2611 tempus
393 2532 478 2590 annis
495 2535 556 2592 sere
578 2543 698 2592 centum
719 2542 919 2592 antevesfftnnt
959 2532 1007 2590 sd
1025 2531 1159 2610 superius
1180 2541 1342 2590 memorato

253 2616 408 2692 subiungit
423 2616 553 2694 Scaliger
567 2618 714 2676 Eusebio
705 2628 920 2677 incrementum
937 2615 1068 2675 daturus.
1105 2616 1205 2677 Νίνου
1218 2639 1272 2678 τον
1259 2616 1342 2721 βα·

253 2701 357 2774 σιλίοις
368 2694 533 2804 Ἀσσυρίων
548 2695 604 2780 py'.
626 2697 751 2807 iipovror
767 2702 832 2775 ἔτος
851 2706 905 2780 τῆς
922 2700 1072 2780 βασιίείας
1091 2703 1238 2800 γεννᾶται.
1265 2695 1341 2761 κατὰ

254 2781 288 2847 di
309 2782 381 2890 speie
395 2779 512 2858 adrosis
533 2781 657 2865 χρόνους
675 2810 735 2868 παρ
741 2781 941 2867 ’Λὴυιιτίοις
961 2777 1153 2882 ἑκκαιδεκάτῃ
1172 2784 1341 2859 δυναστεία,

254 2864 332 2930 καθ’
352 2865 393 2949 ἡν
413 2869 587 2949 ἐβασίλευον
609 2871 745 2949 Θηβαῖοι.
789 2871 938 2949 impuram
956 2879 986 2927 et
1002 2868 1195 2948 impropriam
1215 2868 1343 2948 ideoque

253 2953 356 3012 fictam
383 2953 463 3012 banc
484 2954 615 3032 phrasim
633 2975 694 3014 uon
717 2953 862 3015 discutio:
889 2974 981 3013 unum
1000 2952 1060 3013 boc
1085 2951 1303 3013 animadvertes
1323 2974 1342 3010 a

253 3037 355 3112 Mene,
377 3038 439 3097 sive
461 3039 600 3098 Nesraim
622 3040 748 3120 Aegypti
770 3059 819 3117 rge
821 3060 837 3097 e
856 3040 954 3118 primo
977 3038 1015 3096 ad
1033 3035 1182 3096 Abraham
1208 3047 1341 3114 aetatem,

254 3144 315 3202 quo
331 3081 460 3182 biiamon
482 3144 536 3182 rex
553 3124 715 3204 Aegyptius
736 3125 923 3198 efferuntur,
945 3144 1008 3182 non
1023 3142 1106 3200 reges
1125 3120 1213 3181 modo
1232 3122 1343 3180 sexde-

255 3207 324 3283 cim,
345 3206 396 3266 sed
414 3209 629 3285 Dynastiarum
635 3209 783 3268 sexdecim
799 3228 880 3286 reges
895 3168 1063 3306 piusquam
1077 3206 1220 3266 ducentos
1236 3205 1342 3265 stu·

252 3291 334 3351 sebio
350 3301 380 3350 et
391 3291 530 3352 Africano
543 3293 656 3352 medios
669 3293 836 3373 numerari,
858 3302 889 3353 et
903 3293 936 3352 in
948 3291 1045 3372 regnis
1060 3291 1122 3350 suis
1140 3310 1233 3349 annos
1248 3311 1341 3374 supra

253 3367 430 3454 quingentos
443 3376 615 3457 explevisse.

339 3498 413 3579 Tei
412 3489 506 3577 ytste
523 3493 646 3557 issssoo
633 3486 795 3574 stirpem]
826 3493 957 3570 Scaliger
978 3492 1097 3552 Eusebii
1120 3501 1236 3554 textum
1259 3510 1340 3550 con-

151 3583 184 3640 Ρ.
200 3585 237 3643 6³
254 3520 431 3637 cinnatri'rris
447 3599 512 3658 pag.
534 3583 582 3645 19.
600 3579 676 3638 lineo
696 3580 744 3644 14.
764 3577 811 3635 iris
833 3578 941 3636 eisdem
953 3577 1052 3637 verbis
1066 3579 1178 3654 utitur
1199 3587 1229 3635 et
1242 3574 1339 3636 Abra

249 3661 331 3723 hauri
346 3681 435 3721 avum
453 3684 531 3721 anno
549 3664 651 3724 setstis
673 3669 725 3728 76.
746 3662 850 3721 mundi
866 3665 959 3727 3239.
980 3663 1112 3721 extitisse
1117 3663 1244 3742 ,ipsum
1266 3678 1338 3717 vero

251 3745 402 3809 Abrabam
420 3749 618 3807 annemundi
634 3748 727 3815 3184.
744 3758 847 3806 natum
863 3746 1004 3805 describit
1024 3768 1091 3826 pag.
1110 3746 1241 3804 eiusdem
1259 3743 1339 3802 linea

250 3835 301 3900 25.
319 3839 409 3911 atque
420 3829 463 3888 its
476 3849 568 3908 nepos
582 3852 671 3892 avum
685 3834 743 3891 iam
754 3831 1009 3910 septuagenarium
1026 3831 1109 3889 annis
1122 3838 1240 3888 centum
1249 3828 1339 3907 qnin-

250 3917 391 3996 quaginta
405 3914 534 3994 quinque
550 3917 719 3994 praecessit.
761 3917 844 3975 Haec
858 3915 997 3993 Scaligeri
1013 3923 1119 3974 cuncta
1132 3912 1252 3992 Georgii
1267 3932 1338 3974 ver-

249 4001 288 4060 bs
300 4002 333 4060 in
345 3997 463 4061 Eusebii
478 4008 594 4058 textum
613 4012 788 4062 convertere
805 4002 932 4061 volentis
948 4000 1050 4059 libido.

331 4133 398 4197 Ἐιτί
418 4134 469 4215 ἔτη
489 4131 670 4215 duernionem
684 4125 782 4214 7934]
805 4133 844 4193 At
858 4155 920 4194 non
934 4133 992 4192 nisi
1005 4135 1092 4192 annis
1104 4137 1177 4200 962.
1193 4131 1243 4192 vei
1259 4131 1340 4191 inter

249 4219 348 4280 varies
361 4219 486 4280 Pontaci
500 4221 645 4280 lectiones
662 4221 734 4284 959·
752 4219 825 4284 945.
838 4221 909 4285 942.
923 4227 979 4276 etc.
1001 4218 1142 4277 Eusebius
1153 4220 1218 4297 ipse
1231 4217 1340 4294 Sicyo-

250 4306 369 4364 niorum
382 4324 507 4382 regnum
522 4304 638 4364 stetisse
647 4302 807 4362 affirmavit
821 4305 860 4360 sd
868 4299 1094 4370 Abrahsm880.
1106 4311 1137 4363 et
1148 4306 1220 4370 890·
1228 4375 1233 4387 ,
1241 4301 1340 4375 Quem

250 4390 354 4448 verius
368 4389 475 4450 Graeci
486 4390 523 4451 ab
537 4387 664 4451 Eusebio
677 4387 781 4448 Latino
794 4394 964 4466 computus.
