3109 4959
255 419 332 492 282
610 422 795 498 GEORGII
813 419 1022 492 SYNCELLI

258 577 326 642 suta·
333 579 475 658 dignitate
489 580 622 659 quinque
634 599 724 660 supra
736 578 852 657 viginti,
861 578 1003 658 Martyria
1016 577 1165 640 sublatum
1171 583 1347 642 reserent

258 666 451 724 animadverti
467 666 572 744 pagina
597 669 668 731 339.
691 666 725 729 D.
750 685 788 724 ex
808 685 866 744 quo
888 663 951 722 eius
968 664 1002 723 in
1017 665 1127 724 Urbem
1140 666 1300 725 adventum
1315 675 1347 724 et

255 749 450 810 Pontificatus
465 749 625 827 primordia
639 750 672 808 iu
680 750 831 827 vulgarem
843 747 971 808 amuudi
981 749 1103 808 conditu
1112 750 1347 816 5541.aChn'sti

255 835 347 894 natali
362 835 412 899 41.
423 834 538 906 Claudii
550 834 721 914 imperantis
733 853 844 892 animm
857 833 1022 892 secuudum
1036 854 1054 892 a
1066 854 1112 893 sue
1125 835 1256 892 coniecta
1270 856 1345 913 pro-

255 919 353 993 babit,
376 919 428 996 qui
437 927 586 996 receptam
601 917 856 991 chronologorum
871 917 908 975 de
921 919 999 976 Petri
1018 919 1102 990 aunis
1120 929 1147 978 et
1164 919 1346 978 Pontificatu

255 1003 431 1062 sententiam
445 1004 536 1062 fuerit
550 1012 700 1082 sequutus.
741 1003 817 1061 Fixa
831 1001 912 1060 Petri
923 1001 1036 1081 epocha
1053 1003 1162 1082 reliqui
1180 1003 1346 1062 succedunt

254 1086 381 1148 Romani
391 1088 548 1146 Antistites
565 1089 605 1147 ad
618 1088 718 1146 Caium
733 1107 841 1165 usque,
864 1086 947 1145 cuius
960 1107 1056 1146 ansius
1075 1090 1226 1168 septimus,
1247 1097 1283 1146 ut
1294 1086 1345 1146 hie

253 1173 287 1230 in
307 1171 413 1231 mundi
430 1174 521 1237 5777.
538 1183 569 1231 et
588 1172 696 1232 Christi
711 1177 783 1238 277.
800 1171 931 1229 incidere
946 1171 1195 1249 deprehenditur5
1218 1173 1256 1232 ad
1268 1193 1345 1231 eurs-

254 1257 322 1317 dem
345 1257 457 1333 pariter
476 1257 624 1316 devinciri
645 1256 796 1335 comperio
815 1257 848 1313 in
862 1254 1050 1334 Theophanis
1066 1255 1263 1335 chronologia
1279 1266 1343 1316 sta·

253 1345 310 1400 tim
324 1341 510 1399 sublimine:
532 1352 620 1419 atqua
639 1342 682 1400 ita
699 1351 733 1399 ut
745 1340 980 1400 continuatorem
990 1339 1201 1418 Theophanem
1215 1342 1342 1419 Georgio

253 1425 394 1504 Syneello
423 1427 607 1502 praecessori
641 1423 770 1484 strictim
796 1424 972 1502 adhaerere,
1009 1427 1051 1483 sic
1070 1426 1189 1503 Georgii
1213 1427 1345 1485 tabulam

253 1509 342 1569 istam
358 1509 395 1566 ab
408 1507 499 1567 huius
512 1519 542 1568 et
555 1509 743 1589 Theophanis
769 1518 910 1590 computo
926 1529 988 1570 nou
1007 1509 1161 1569 deflexisse
1183 1511 1345 1571 arbitratus

254 1615 332 1654 sum.
372 1593 547 1654 Antiochiae
562 1603 592 1652 et
600 1592 1016 1675 AlexandriaeEpiacoporum
1030 1592 1172 1674 epocham
1186 1595 1219 1654 iu
1232 1615 1346 1654 annum

253 1686 425 1762 sequentem
447 1677 528 1738 Petri
546 1677 691 1758 epocham
709 1679 815 1738 mundi
836 1680 978 1739 videlicet
996 1681 1090 1747 5542.
1108 1689 1139 1739 et
1162 1678 1272 1739 Christi
1285 1679 1345 1744 42.

253 1762 449 1823 differendam
469 1766 589 1838 censui,
613 1763 692 1841 quod
706 1765 780 1824 haec
793 1764 845 1822 illa
860 1765 1007 1842 posterior
1019 1766 1056 1823 ab
1069 1763 1236 1839 Eusebioet
1249 1762 1345 1823 Chro-

251 1849 368 1926 nologis
392 1848 457 1907 aliis
478 1849 685 1926 consignetur3
708 1851 869 1928 eademque
889 1849 931 1908 ita
952 1848 1065 1926 defixa,
1087 1859 1132 1925 et,
1153 1859 1190 1908 ut
1200 1858 1288 1907 uotae
1305 1848 1346 1906 ad

252 1953 320 2014 pag.
340 1933 411 1997 334.
433 1933 626 2008 confirmant,
648 1934 733 1994 aunis
749 1938 798 1998 16.
814 1934 915 1992 Marco
928 1933 1094 2011 attributis,
1116 1933 1254 1993 Theonoe
1268 1931 1345 1990 Ale*

251 2016 394 2077 xandrini
413 2017 558 2098 Episcopi·
575 2037 671 2077 annus
692 2018 865 2080 undecimus
887 2037 1006 2078 rursum
1028 2018 1062 2076 iu
1078 2018 1181 2076 mundi
1200 2020 1293 2083 5777.
1313 2024 1346 2074 et

252 2101 364 2159 Christi
374 2107 446 2167 277.
461 2103 710 2180 quemadmodum
722 2103 756 2162 iu
767 2103 887 2160 Ganone
901 2103 1059 2180 praesenti,
1075 2103 1120 2160 sie
1132 2102 1166 2161 iu
1181 2099 1345 2182 Theopha-

251 2186 300 2244 nis
321 2184 518 2262 chronologia
534 2207 712 2248 concurrere
724 2186 842 2265 legitur.
884 2186 930 2244 Ac
942 2187 1076 2266 Tyranni
1095 2186 1214 2266 quidem
1232 2186 1344 2245 Antio-

251 2269 369 2329 chensis
384 2271 551 2348 Pontiheis,
574 2272 639 2354 (qui
653 2272 801 2351 Cyrillum
816 2269 945 2349 excepit)
961 2291 1057 2330 annus
1073 2273 1231 2344 secundat,
1251 2279 1344 2350 prout

252 2353 286 2412 in
300 2353 488 2434 Theophanis
509 2357 597 2415 toties
619 2359 776 2437 repetitum
798 2357 904 2416 mundi
926 2360 1018 2422 5777.
1039 2365 1069 2415 et
1083 2356 1193 2416 Christi
1210 2361 1280 2420 277.
1303 2354 1343 2412 ad

251 2437 379 2500 eundem
388 2439 510 2497 modum
525 2461 564 2498 ex
581 2442 699 2517 Georgii
713 2441 912 2517 chronologia
929 2441 984 2498 sibi
998 2441 1118 2499 deberet
1132 2440 1269 2498 comitem
1289 2458 1342 2495 as-

252 2523 378 2582 ciscere:
400 2531 430 2594 et
451 2523 625 2600 adiungeret
645 2529 731 2594 sane,
752 2525 809 2582 nisi
826 2524 938 2582 Euodio
959 2525 1078 2582 Petrum
1100 2524 1133 2580 in
1147 2520 1342 2582 Antiochensi

250 2607 320 2667 sedo
333 2617 460 2686 sequuta
473 2627 566 2666 arsrros
581 2628 633 2666 sor
650 2608 779 2684 integros
793 2617 909 2687 praeter
923 2606 1046 2682 debitos,
1067 2625 1177 2666 novem
1191 2615 1222 2664 et
1234 2606 1342 2684 viginti

248 2693 409 2769 nimirum,
430 2691 522 2751 trium
541 2702 572 2751 et
591 2692 700 2769 viginti
714 2693 795 2766 vice,
818 2691 945 2750 Domino
958 2712 1046 2767 vero,
1066 2693 1117 2751 vel
1132 2692 1265 2767 Damno,
1287 2691 1340 2770 qui

249 2777 396 2853 Cyrillum
418 2777 565 2855 praeivit,
593 2777 722 2852 duorum
743 2776 824 2848 vice,
846 2777 942 2856 (quos
964 2775 1054 2835 habet
1071 2775 1275 2856 Nicephorua,
1303 2786 1341 2835 ut

246 2859 357 2920 Euodii
378 2859 451 2942 23.)
474 2870 548 2936 tres,
576 2865 625 2921 vel
648 2862 791 2940 Georgius
811 2861 960 2937 oscitans,
990 2862 1041 2921 vel
1066 2861 1215 2920 Librarius
1237 2882 1339 2921 erraris

247 2944 409 3004 tribuisset.
453 2945 612 3021 Georgium
628 2957 726 3006 autem
742 2947 902 3004 dictantem
916 2944 1144 3023 hallucinatum,
1165 2948 1215 3008 vel
1229 2947 1340 3007 certius

248 3029 348 3089 dicam
360 3028 535 3108 scriptorem
549 3050 670 3104 errasse,
686 3031 766 3108 quod
785 3030 868 3088 Pauli
882 3031 1093 3092 samosatensis
1104 3033 1252 3110 Synodice
1265 3052 1341 3091 eon·

249 3113 381 3172 damnati
393 3133 431 3172 ex
448 3114 577 3172 Ecclesia
593 3115 765 3174 eiectionem
782 3113 819 3170 ab
841 3114 971 3174 eiusdem
992 3135 1030 3175 ex
1048 3116 1273 3196 Episcopalibus
1291 3137 1342 3176 ae-

249 3199 337 3256 dibus
352 3199 525 3278 depulsione
542 3200 578 3257 ab
592 3199 754 3258 Aureliano
769 3199 914 3276 imperata
932 3201 1081 3262 diversam
1090 3245 1099 3276 ,
1121 3200 1264 3262 alteruter
1276 3223 1341 3260 non

249 3283 426 3344 observarit.
469 3284 543 3344 Vide
563 3286 716 3362 utriusque
744 3285 824 3362 apud
846 3284 1001 3345 authorem
1026 3285 1153 3346 eundem
1172 3287 1339 3362 Eusebium,

247 3366 330 3426 illius
353 3368 385 3425 iu
395 3367 543 3428 Chronico
563 3371 602 3430 ad
616 3369 763 3430 Valeriani
781 3389 892 3430 anuum
913 3374 962 3436 13.
987 3371 1078 3431 huius
1096 3391 1135 3430 ex
1153 3369 1259 3433 histor.
1275 3373 1340 3430 Ec-

248 3451 318 3512 cles.
341 3451 392 3512 lib.
416 3458 445 3517 7.
463 3474 527 3532 cap.
548 3456 601 3526 24.
627 3453 791 3535 praesentis
808 3456 907 3535 operis
929 3475 994 3535 pag.
1016 3460 1088 3523 391.
1106 3458 1138 3516 C.
1161 3457 1338 3516 discrimen:

246 3537 375 3597 Paulum
390 3535 479 3616 simul
493 3539 608 3618 inspice
636 3539 731 3619 priori
753 3541 822 3598 loeo
842 3540 1088 3616 condemnatum,
1110 3551 1139 3600 et
1151 3542 1297 3600 Damnum
1310 3539 1339 3597 ei

245 3620 423 3696 suffectum,
445 3643 503 3700 quo
519 3635 680 3703 utrumque
694 3625 732 3683 ad
745 3625 898 3685 Valeriani
912 3635 1048 3706 tempora
1059 3626 1260 3686 revocandum
1274 3632 1338 3682 sta-

246 3715 331 3768 tuas:
355 3706 436 3782 quod
451 3728 512 3766 non
528 3710 587 3768 nisi
602 3710 717 3770 Euodio
732 3704 797 3793 (cui
810 3710 996 3791 Nicephorus
1019 3732 1113 3772 annos
1126 3707 1176 3776 23.
1192 3709 1339 3768 duntaxat

246 3789 388 3874 ascribit)
407 3809 460 3850 sex
480 3792 621 3853 detractis
645 3813 708 3853 non
732 3797 888 3875 exequaris
910 3797 1014 3856 facile:
1043 3795 1142 3857 Tertio
1159 3792 1284 3851 subinde
1297 3813 1338 3852 ex

245 3876 356 3937 Domni
368 3885 461 3936 aetate
470 3875 573 3960 (quem
587 3879 663 3938 duos
677 3879 756 3938 solos
765 3880 798 3938 iu
808 3881 989 3941 Pontificatu
1001 3881 1130 3958 exegisse
1140 3877 1245 3938 scribit
1257 3879 1339 3938 idem

244 3959 450 4042 Nicephorus)
472 3971 501 4020 et
514 3962 620 4042 Cyrilli
639 3962 810 4044 primordiis
828 3965 861 4024 iu
875 3968 1010 4045 superius
1031 3961 1175 4044 spatium,
1197 3973 1228 4023 et
1247 3985 1339 4024 mun-

246 4046 279 4105 di
293 4051 387 4114 5761.
403 4057 434 4108 et
449 4047 559 4108 Christi
572 4054 642 4114 261.
667 4047 814 4123 evocatis,
836 4059 907 4128 post
928 4051 990 4109 eius
1008 4068 1101 4107 annos
1123 4048 1174 4112 15.
1200 4049 1340 4109 suecedet

245 4132 421 4210 Tyrannus,
443 4134 526 4194 euius
538 4153 634 4193 ansius
649 4139 677 4199 2.
693 4152 730 4191 ex
740 4131 930 4212 Theophanis
944 4134 1059 4192 calculo
1071 4130 1111 4190 ad
1124 4133 1228 4193 mundi
1243 4140 1338 4202 2777.

244 4225 275 4275 et
288 4215 399 4277 Christi
413 4224 485 4285 277.
501 4219 657 4280 confestim
671 4227 818 4278 occurret.
858 4217 958 4276 Iacobi
970 4217 1097 4296 denique
1111 4217 1338 4298 Hierosolymo-

245 4321 313 4360 rum
330 4303 471 4381 Episcopi
486 4305 670 4384 praesulatus
687 4303 812 4362 exordio
830 4301 868 4360 ad
879 4302 1217 4382 ipsamllesurrectionis
1233 4302 1340 4361 Domi-

247 4386 330 4447 nicee
348 4395 378 4447 et
398 4389 502 4453 salutis
515 4393 565 4460 34.
586 4390 743 4452 obeuntem
758 4409 797 4450 ex
809 4386 951 4451 Aetheris
967 4398 1110 4484 computu
1133 4407 1201 4473 pag·
1214 4391 1287 4455 82&
1301 4387 1338 4448 B·
