3109 4959
534 1386 589 1452 ΙΝ
616 1384 964 1455 BREVlltRlUM

204 1546 1297 1644 CHRONOGRAPHICUM

365 1758 394 1816 e.
415 1694 680 1821 recuruum
706 1755 1050 1818 enrutsucnse
1070 1757 1133 1816 ce.

626 1916 869 1992 suevus

468 2089 1033 2168 ANNOTATIONE&

287 2528 354 2606 Peg·
375 2530 447 2597 895.
470 2532 681 2617 Nenppopoai]
707 2535 910 2617 Nicephorum
929 2534 984 2595 (ΞΡ.
1000 2531 1072 2599 oiim
1095 2528 1297 2593 l’elriarclum

202 2612 349 2675 Bretina-ii
360 2613 448 2675 leuius
462 2616 716 2699 chronographiei
729 2620 885 2688 authorem
901 2620 1063 2681 communis
1082 2617 1215 2696 agnoscit
1228 2634 1295 2673 sen-

203 2698 315 2761 tentio:
337 2709 372 2757 ut
385 2708 467 2758 extat
480 2709 590 2779 tarsrcn,¹
610 2714 639 2762 et
652 2705 788 2762 tratribus
805 2705 926 2779 teritur,
944 2716 1018 2763 'curn
1033 2701 1230 2781 posteriorum
1242 2696 1295 2757 Ni-

203 2782 334 2865 cephoro
348 2783 601 2866 Potriorclrarum,
625 2796 654 2847 ct
669 2787 885 2867 Imperatorum
902 2788 964 2847 eius
976 2795 1110 2865 tempore
1122 2786 1297 2863 seqraiorum

203 2868 325 2929 tremine
344 2879 374 2928 ct
393 2879 501 2930 aetates
512 2881 675 2946 recenseat,
698 2872 833 2934 Petarius
855 2872 931 2933 acris
945 2872 995 2931 uir
1012 2870 1118 2931 iudicii
1136 2891 1172 2929 ac
1191 2867 1296 2929 erudi-

1312 1406 1392 1463 Mi

1307 1476 1339 1531 V.
1356 1476 1390 1534 77

203 2951 293 3010 tionis
307 2973 369 3013 uon
383 2954 471 3013 tritae
485 2975 673 3017 communem
687 2946 769 3018 ittain
785 2958 822 3018 de
841 2958 867 3018 N
870 2956 1010 3037 iceplroro
1028 2955 1205 3016 sententiam
1216 2951 1297 3011 scri·
1378 3031 1380 3034 Ι

94 3069 101 3081 ·
202 3043 319 3115 plorem
333 3038 463 3095 aluminis
477 3041 606 3101 eiusdem
621 3044 746 3099 alterum
762 3062 829 3099 cum
839 3041 898 3101 hoc
913 3041 1095 3099 confundere
1110 3036 1297 3099 subdubitat·

202 3120 311 3181 Verum
327 3140 384 3199 pro
399 3132 570 3200 comparata
580 3123 636 3181 sibi
651 3124 790 3200 solertia,
812 3133 843 3183 et
854 3126 948 3204 partis
963 3144 1001 3182 cx
1016 3132 1134 3183 vetusto
1147 3121 1296 3180 librorum

203 3224 261 3265 usu
280 3204 505 3285 experimentis,
527 3206 674 3287 privatam
696 3208 831 3287 publicae
851 3227 1017 3289 opponere,
1038 3223 1206 3285 nouemque
1225 3203 1297 3283 opi-

203 3289 323 3351 nionem
346 3288 428 3349 lrautl
448 3289 534 3350 striato
564 3291 697 3351 stabilire
724 3291 918 3353 fundamento
944 3292 1097 3368 devitans,
1133 3288 1297 3370 Niccplrori

127 3374 130 3380 ’
203 3383 392 3457 posterorum
405 3374 525 3435 nomino
538 3376 633 3435 aliens
648 3396 741 3437 manu
755 3378 891 3459 apposita
906 3378 987 3438 sacili
1001 3397 1149 3437 consensu
1162 3374 1297 3435 admittit

204 3478 255 3534 es,
279 3479 369 3540 quom
383 3458 545 3541 Nicephori
559 3461 692 3523 eiusdem
704 3462 845 3523 historice
857 3462 1022 3545 praefixam
1043 3463 1159 3538 voluit,
1179 3458 1296 3540 prset'a-

202 3542 294 3603 tione.
310 3543 370 3615 ,cai
384 3566 445 3606 non
461 3545 595 3607 adhaesit
613 3547 750 3609 Petamus
764 3547 856 3608 dubio
871 3557 972 3609 motus
987 3547 1094 3607 deinde
1107 3546 1231 3606 Vossius
1242 3543 1297 3603 iu-

193 3627 318 3703 niorem
332 3631 480 3709 quendem
499 3631 701 3713 Nicephorum
722 3626 901 3693 confinitate
921 3634 1042 3695 Graecis
1064 3632 1176 3693 ilistor.
1193 3628 1293 3695 liter,

189 3730 269 3791 up·
282 3715 336 3779 25.
353 3714 402 3774 cui
417 3715 456 3775 sd
471 3715 610 3777 Photium
624 3717 727 3797 Ignatii
740 3738 944 3779 successorem
959 3715 1187 3793 Chrouologiam
1209 3732 1294 3773 susm

100 3805 105 3815 ’
203 3795 351 3857 deducere
362 3800 523 3879 placuerit:
546 3821 649 3863 verum
663 3798 809 3882 quotest'c
822 3804 873 3864 vel
893 3802 1033 3878 authore,
1054 3802 1104 3869 vel
1122 3799 1208 3859 cuim
1228 3796 1297 3877 ‘yl-

202 3899 258 3941 vae
275 3880 357 3959 ligno
375 3885 555 3946 Mercurium
570 3887 662 3947 istum
684 3887 854 3967 exsculpat,
876 3908 937 3947 non
958 3886 1064 3968 aperit.
1107 3886 1174 3943 stat
1193 3883 1295 3963 itaquo

204 3974 353 4042 emmens,
364 3971 481 4049 etopus
490 3992 536 4030 mc
544 3972 840 4052 perseveretimmota
848 3972 980 4051 vulgaris
993 3970 1104 4052 opinio,
1116 3966 1296 4049 quocChro-

204 4048 383 4131 uogrophioe
401 4053 489 4115 istius
510 4057 601 4117 elium
615 4078 633 4114 u
644 4054 813 4137 Mesphoro
829 4054 1001 4117 Patriarclm
1023 4052 1295 4132 Constantinopoli-

203 4143 276 4196 tano
298 4134 454 4197 sutherem
476 4160 539 4199 non
561 4142 725 4209 udtpissnra
747 4141 983 4203 lustrationibus
1005 4139 1154 4201 innititur.
1182 4142 1210 4204 1.
1231 4138 1295 4196 Pa-

204 4220 345 4281 triorchis
359 4229 389 4279 et
404 4223 501 4303 lmpp.
514 4226 650 4303 pristinis
665 4225 781 4287 adiecta
794 4227 915 4286 uomina
938 4224 1129 4307 posteriorem
1143 4242 1206 4282 non
1220 4241 1296 4281 con-

203 4306 333 4366 vincunt
351 4308 450 4387 operis
469 4310 562 4369 totius
582 4310 754 4387 authorem,
779 4311 833 4371 sed
855 4312 1018 4371 deductum
1042 4319 1072 4368 et
1089 4307 1296 4367 continuatum

203 4388 236 4452 iu
256 4401 375 4475 tempus
396 4393 515 4475 sequius
537 4396 648 4477 prioris
670 4398 769 4478 operis
789 4417 886 4462 usum.
907 4403 937 4465 2.
958 4394 1206 4478 Prasfixusoperi
1218 4392 1296 4453 titu-
