<?xml version="1.0" encoding="UTF-8"?>
<!DOCTYPE html PUBLIC "-//W3C//DTD XHTML 1.0 Transitional//EN"
    "http://www.w3.org/TR/xhtml1/DTD/xhtml1-transitional.dtd">
<html xmlns="http://www.w3.org/1999/xhtml" xml:lang="en" lang="en">
 <head>
  <title>
</title>
<meta http-equiv="Content-Type" content="text/html;charset=utf-8" />
  <meta name='ocr-system' content='tesseract 3.04.00' />
  <meta name='ocr-capabilities' content='ocr_page ocr_carea ocr_par ocr_line ocrx_word'/>
</head>
<body>
  <div class='ocr_page' id='page_1' title='image "./corpusscriptoru33theogoog_0387.png"; bbox 0 0 3109 4959; ppageno 0'>
   <div class='ocr_carea' id='block_1_1' title="bbox 547 431 1304 508">
    <p class='ocr_par' dir='ltr' id='par_1_1' title="bbox 547 431 1304 508">
     <span class='ocr_line' id='line_1_1' title="bbox 547 431 1304 508; baseline -0.011 0"><span class='ocrx_word' id='word_1_1' title='bbox 547 440 609 508; x_wconf 87' lang='lat' dir='ltr'><strong>ET</strong></span> <span class='ocrx_word' id='word_1_2' title='bbox 629 431 1304 508; x_wconf 64' lang='lat' dir='ltr'><strong>murmuretur</strong></span> 
     </span>
    </p>
   </div>
   <div class='ocr_carea' id='block_1_2' title="bbox 216 587 1318 2619">
    <p class='ocr_par' dir='ltr' id='par_1_2' title="bbox 216 587 1311 1351">
     <span class='ocr_line' id='line_1_2' title="bbox 219 587 1296 706; baseline -0.006 -44"><span class='ocrx_word' id='word_1_3' title='bbox 219 594 294 706; x_wconf 75' lang='lat' dir='ltr'><strong>perd</strong></span> <span class='ocrx_word' id='word_1_4' title='bbox 307 593 362 662; x_wconf 77' lang='lat' dir='ltr'><strong>sis·</strong></span> <span class='ocrx_word' id='word_1_5' title='bbox 379 593 567 680; x_wconf 76' lang='grc' dir='ltr'><strong><em>τατααίνσμιί</em></strong></span> <span class='ocrx_word' id='word_1_6' title='bbox 567 620 588 661; x_wconf 91' lang='grc' dir='ltr'><strong><em>ν</em></strong></span> <span class='ocrx_word' id='word_1_7' title='bbox 603 587 764 703; x_wconf 65' lang='lat' dir='ltr'><strong>iamiam</strong></span> <span class='ocrx_word' id='word_1_8' title='bbox 783 598 839 675; x_wconf 81' lang='grc' dir='ltr'><strong>τῆς</strong></span> <span class='ocrx_word' id='word_1_9' title='bbox 858 588 1009 676; x_wconf 76' lang='grc' dir='ltr'><strong><em>ίᾶρναιιας</em></strong></span> <span class='ocrx_word' id='word_1_10' title='bbox 1028 617 1083 659; x_wconf 81' lang='lat' dir='ltr'><strong>roo</strong></span> <span class='ocrx_word' id='word_1_11' title='bbox 1071 596 1174 661; x_wconf 75' lang='lat' dir='ltr'><strong>‘Nais</strong></span> <span class='ocrx_word' id='word_1_12' title='bbox 1194 593 1228 660; x_wconf 73' lang='grc' dir='ltr'><strong>ἐν</strong></span> <span class='ocrx_word' id='word_1_13' title='bbox 1245 600 1296 658; x_wconf 72' lang='lat' dir='ltr'><strong>sot</strong></span> 
     </span>
     <span class='ocr_line' id='line_1_3' title="bbox 220 675 1307 788; baseline -0.004 -40"><span class='ocrx_word' id='word_1_14' title='bbox 220 682 316 788; x_wconf 76' lang='grc' dir='ltr'><strong><em>ὄρεσι</em></strong></span> <span class='ocrx_word' id='word_1_15' title='bbox 311 689 379 757; x_wconf 79' lang='grc' dir='ltr'><strong><em>τοῖς</em></strong></span> <span class='ocrx_word' id='word_1_16' title='bbox 389 679 513 766; x_wconf 90' lang='grc' dir='ltr'><strong><em>Ἀραρατ</em></strong></span> <span class='ocrx_word' id='word_1_17' title='bbox 526 677 679 762; x_wconf 80' lang='grc' dir='ltr'><strong><em>ἆνιίμεσαν</em></strong></span> <span class='ocrx_word' id='word_1_18' title='bbox 696 675 858 762; x_wconf 73' lang='grc' dir='ltr'><strong>Ἀρμενίων</strong></span> <span class='ocrx_word' id='word_1_19' title='bbox 872 679 925 744; x_wconf 78' lang='grc' dir='ltr'><strong>καί</strong></span> <span class='ocrx_word' id='word_1_20' title='bbox 939 679 1102 761; x_wconf 68' lang='lat' dir='ltr'><strong>Koudetos</strong></span> <span class='ocrx_word' id='word_1_21' title='bbox 1119 680 1154 743; x_wconf 82' lang='grc' dir='ltr'><strong>ίν</strong></span> <span class='ocrx_word' id='word_1_22' title='bbox 1172 702 1213 766; x_wconf 80' lang='lat' dir='ltr'><strong>ep</strong></span> <span class='ocrx_word' id='word_1_23' title='bbox 1200 685 1307 744; x_wconf 83' lang='lat' dir='ltr'><strong>Aoo</strong></span> 
     </span>
     <span class='ocr_line' id='line_1_4' title="bbox 218 744 1309 876; baseline -0.002 -46"><span class='ocrx_word' id='word_1_24' title='bbox 218 763 316 851; x_wconf 66' lang='lat' dir='ltr'><strong>flio</strong></span> <span class='ocrx_word' id='word_1_25' title='bbox 298 790 361 851; x_wconf 85' lang='grc' dir='ltr'><strong><em>αρει</em></strong></span> <span class='ocrx_word' id='word_1_26' title='bbox 380 767 572 876; x_wconf 74' lang='lat' dir='ltr'><strong>sutoopivp,</strong></span> <span class='ocrx_word' id='word_1_27' title='bbox 592 767 686 831; x_wconf 78' lang='grc' dir='ltr'><strong><em>ίιιεῖσι</em></strong></span> <span class='ocrx_word' id='word_1_28' title='bbox 700 768 832 871; x_wconf 62' lang='grc' dir='ltr'><strong>ιιριῖτονη</strong></span> <span class='ocrx_word' id='word_1_29' title='bbox 840 765 1012 844; x_wconf 77' lang='grc' dir='ltr'><strong><em>κατοίκησις</em></strong></span> <span class='ocrx_word' id='word_1_30' title='bbox 1033 767 1143 872; x_wconf 71' lang='lat' dir='ltr'><strong>pisaeus</strong></span> <span class='ocrx_word' id='word_1_31' title='bbox 1162 744 1288 845; x_wconf 70' lang='grc' dir='ltr'><strong><em>με’τιί</em></strong></span> <span class='ocrx_word' id='word_1_32' title='bbox 1254 789 1309 829; x_wconf 87' lang='grc' dir='ltr'><strong>τον</strong></span> 
     </span>
     <span class='ocr_line' id='line_1_5' title="bbox 218 845 1309 954; baseline -0.001 -39"><span class='ocrx_word' id='word_1_33' title='bbox 218 849 426 953; x_wconf 79' lang='grc' dir='ltr'><strong><em>τιαταιιλνσμιίν</em></strong></span> <span class='ocrx_word' id='word_1_34' title='bbox 443 858 507 916; x_wconf 74' lang='grc' dir='ltr'><strong><em>ταῖν</em></strong></span> <span class='ocrx_word' id='word_1_35' title='bbox 525 847 714 954; x_wconf 76' lang='grc' dir='ltr'><strong><em>ιίνθραίιτιιν.</em></strong></span> <span class='ocrx_word' id='word_1_36' title='bbox 741 845 860 912; x_wconf 82' lang='grc' dir='ltr'><strong><em>ιιιῖιιεῖσε</em></strong></span> <span class='ocrx_word' id='word_1_37' title='bbox 854 846 1003 951; x_wconf 77' lang='grc' dir='ltr'><strong><em>φυτειίει</em></strong></span> <span class='ocrx_word' id='word_1_38' title='bbox 1021 855 1184 948; x_wconf 72' lang='grc' dir='ltr'><strong><em>αμιτείιίνα</em></strong></span> <span class='ocrx_word' id='word_1_39' title='bbox 1202 847 1309 914; x_wconf 69' lang='lat' dir='ltr'><strong>uuit</strong></span> 
     </span>
     <span class='ocr_line' id='line_1_6' title="bbox 217 913 1309 1020; baseline -0.006 -21"><span class='ocrx_word' id='word_1_40' title='bbox 217 930 394 1018; x_wconf 78' lang='grc' dir='ltr'><strong><em>προφήτης,</em></strong></span> <span class='ocrx_word' id='word_1_41' title='bbox 416 932 552 1018; x_wconf 77' lang='grc' dir='ltr'><strong><em>οἰκιστής</em></strong></span> <span class='ocrx_word' id='word_1_42' title='bbox 568 959 600 1000; x_wconf 88' lang='grc' dir='ltr'><strong>τε</strong></span> <span class='ocrx_word' id='word_1_43' title='bbox 617 937 730 1020; x_wconf 72' lang='grc' dir='ltr'><strong><em>γίνεται</em></strong></span> <span class='ocrx_word' id='word_1_44' title='bbox 749 939 808 997; x_wconf 78' lang='grc' dir='ltr'><strong>τοῦ</strong></span> <span class='ocrx_word' id='word_1_45' title='bbox 828 928 934 997; x_wconf 79' lang='lat' dir='ltr'><strong>rinno.</strong></span> <span class='ocrx_word' id='word_1_46' title='bbox 976 937 1053 994; x_wconf 85' lang='lat' dir='ltr'><strong>Post</strong></span> <span class='ocrx_word' id='word_1_47' title='bbox 1071 913 1119 992; x_wconf 75' lang='lat' dir='ltr'><strong>dil</strong></span> <span class='ocrx_word' id='word_1_48' title='bbox 1106 937 1224 993; x_wconf 62' lang='grc' dir='ltr'><strong><em>ίιιιιίιιιιι</em></strong></span> <span class='ocrx_word' id='word_1_49' title='bbox 1239 955 1309 992; x_wconf 88' lang='lat' dir='ltr'><strong>cum</strong></span> 
     </span>
     <span class='ocr_line' id='line_1_7' title="bbox 218 1017 1311 1097; baseline -0.004 -17"><span class='ocrx_word' id='word_1_50' title='bbox 218 1025 252 1080; x_wconf 86' lang='lat' dir='ltr'><strong>in</strong></span> <span class='ocrx_word' id='word_1_51' title='bbox 273 1021 394 1080; x_wconf 84' lang='lat' dir='ltr'><strong>Ararot</strong></span> <span class='ocrx_word' id='word_1_52' title='bbox 412 1024 580 1097; x_wconf 83' lang='lat' dir='ltr'><strong>montibus,</strong></span> <span class='ocrx_word' id='word_1_53' title='bbox 605 1023 785 1080; x_wconf 82' lang='lat' dir='ltr'><em>Armeniam</em></span> <span class='ocrx_word' id='word_1_54' title='bbox 810 1023 888 1078; x_wconf 85' lang='lat' dir='ltr'><strong>inter</strong></span> <span class='ocrx_word' id='word_1_55' title='bbox 906 1030 933 1076; x_wconf 84' lang='lat' dir='ltr'><strong>et</strong></span> <span class='ocrx_word' id='word_1_56' title='bbox 958 1017 1144 1096; x_wconf 80' lang='lat' dir='ltr'><strong>Curdyeos</strong></span> <span class='ocrx_word' id='word_1_57' title='bbox 1131 1041 1163 1076; x_wconf 83' lang='lat' dir='ltr'><em>m</em></span> <span class='ocrx_word' id='word_1_58' title='bbox 1184 1018 1311 1078; x_wconf 84' lang='lat' dir='ltr'><strong>Lubure</strong></span> 
     </span>
     <span class='ocr_line' id='line_1_8' title="bbox 217 1101 1311 1183; baseline -0.004 -19"><span class='ocrx_word' id='word_1_59' title='bbox 217 1107 293 1164; x_wconf 87' lang='lat' dir='ltr'><strong>colle</strong></span> <span class='ocrx_word' id='word_1_60' title='bbox 310 1108 463 1166; x_wconf 85' lang='lat' dir='ltr'><strong>Noeurca</strong></span> <span class='ocrx_word' id='word_1_61' title='bbox 480 1108 678 1178; x_wconf 78' lang='lat' dir='ltr'><strong>constitisset,</strong></span> <span class='ocrx_word' id='word_1_62' title='bbox 700 1106 882 1183; x_wconf 85' lang='lat' dir='ltr'><strong>illioprima</strong></span> <span class='ocrx_word' id='word_1_63' title='bbox 896 1103 1054 1163; x_wconf 78' lang='lat' dir='ltr'><strong>hominram</strong></span> <span class='ocrx_word' id='word_1_64' title='bbox 1072 1102 1241 1162; x_wconf 83' lang='lat' dir='ltr'><strong>secundum</strong></span> <span class='ocrx_word' id='word_1_65' title='bbox 1260 1101 1311 1160; x_wconf 84' lang='lat' dir='ltr'><strong>di-</strong></span> 
     </span>
     <span class='ocr_line' id='line_1_9' title="bbox 217 1189 1309 1268; baseline -0.003 -19"><span class='ocrx_word' id='word_1_66' title='bbox 217 1191 339 1250; x_wconf 82' lang='lat' dir='ltr'><strong>Iuvium</strong></span> <span class='ocrx_word' id='word_1_67' title='bbox 359 1191 513 1252; x_wconf 78' lang='lat' dir='ltr'><strong>dubitatio</strong></span> <span class='ocrx_word' id='word_1_68' title='bbox 526 1195 613 1268; x_wconf 85' lang='lat' dir='ltr'><strong>fuit,</strong></span> <span class='ocrx_word' id='word_1_69' title='bbox 641 1189 813 1268; x_wconf 80' lang='lat' dir='ltr'><em>ibidemque</em></span> <span class='ocrx_word' id='word_1_70' title='bbox 836 1191 900 1249; x_wconf 84' lang='lat' dir='ltr'><strong>Noe</strong></span> <span class='ocrx_word' id='word_1_71' title='bbox 922 1189 1079 1268; x_wconf 79' lang='lat' dir='ltr'><em>Propheta</em></span> <span class='ocrx_word' id='word_1_72' title='bbox 1099 1191 1189 1248; x_wconf 81' lang='lat' dir='ltr'><strong>sitem</strong></span> <span class='ocrx_word' id='word_1_73' title='bbox 1207 1207 1309 1246; x_wconf 84' lang='lat' dir='ltr'><strong>conse-</strong></span> 
     </span>
     <span class='ocr_line' id='line_1_10' title="bbox 216 1273 727 1351; baseline -0.002 -17"><span class='ocrx_word' id='word_1_74' title='bbox 216 1279 279 1351; x_wconf 76' lang='lat' dir='ltr'><strong>vit,</strong></span> <span class='ocrx_word' id='word_1_75' title='bbox 305 1297 344 1332; x_wconf 83' lang='lat' dir='ltr'><strong>oc</strong></span> <span class='ocrx_word' id='word_1_76' title='bbox 356 1273 548 1333; x_wconf 77' lang='lat' dir='ltr'><em>domicilium</em></span> <span class='ocrx_word' id='word_1_77' title='bbox 560 1277 727 1333; x_wconf 81' lang='lat' dir='ltr'><strong>constituit.</strong></span> 
     </span>
    </p>

    <p class='ocr_par' dir='ltr' id='par_1_3' title="bbox 216 1353 1316 2619">
     <span class='ocr_line' id='line_1_11' title="bbox 301 1353 1312 1440; baseline -0.004 -22"><span class='ocrx_word' id='word_1_78' title='bbox 301 1361 371 1436; x_wconf 85' lang='lat' dir='ltr'><strong>Pag.</strong></span> <span class='ocrx_word' id='word_1_79' title='bbox 393 1360 445 1426; x_wconf 87' lang='grc'><strong>46.</strong></span> <span class='ocrx_word' id='word_1_80' title='bbox 466 1355 527 1422; x_wconf 78' lang='grc' dir='ltr'><strong>Διὰ</strong></span> <span class='ocrx_word' id='word_1_81' title='bbox 540 1363 654 1440; x_wconf 65' lang='grc' dir='ltr'><strong><em>γενεῶν</em></strong></span> <span class='ocrx_word' id='word_1_82' title='bbox 665 1353 730 1437; x_wconf 63' lang='grc' dir='ltr'><strong>λη’]</strong></span> <span class='ocrx_word' id='word_1_83' title='bbox 754 1355 967 1414; x_wconf 86' lang='lat' dir='ltr'><strong>Generationes</strong></span> <span class='ocrx_word' id='word_1_84' title='bbox 978 1354 1047 1415; x_wconf 88' lang='lat' dir='ltr'><strong>illae</strong></span> <span class='ocrx_word' id='word_1_85' title='bbox 1062 1365 1131 1415; x_wconf 87' lang='lat' dir='ltr'><strong>octo</strong></span> <span class='ocrx_word' id='word_1_86' title='bbox 1151 1375 1242 1435; x_wconf 86' lang='lat' dir='ltr'><strong>supra</strong></span> <span class='ocrx_word' id='word_1_87' title='bbox 1253 1354 1312 1414; x_wconf 89' lang='lat' dir='ltr'><strong>tri-</strong></span> 
     </span>
     <span class='ocr_line' id='line_1_12' title="bbox 217 1439 1310 1522; baseline -0.002 -21"><span class='ocrx_word' id='word_1_88' title='bbox 217 1443 315 1522; x_wconf 84' lang='lat' dir='ltr'><strong>ginta,</strong></span> <span class='ocrx_word' id='word_1_89' title='bbox 337 1463 465 1521; x_wconf 79' lang='lat' dir='ltr'><strong>quarum</strong></span> <span class='ocrx_word' id='word_1_90' title='bbox 481 1444 531 1504; x_wconf 85' lang='lat' dir='ltr'><strong>vel</strong></span> <span class='ocrx_word' id='word_1_91' title='bbox 554 1451 697 1522; x_wconf 77' lang='lat' dir='ltr'><strong>paterno,</strong></span> <span class='ocrx_word' id='word_1_92' title='bbox 712 1440 766 1498; x_wconf 86' lang='lat' dir='ltr'><strong>-vel</strong></span> <span class='ocrx_word' id='word_1_93' title='bbox 791 1439 899 1499; x_wconf 89' lang='lat' dir='ltr'><strong>deinde</strong></span> <span class='ocrx_word' id='word_1_94' title='bbox 919 1440 991 1498; x_wconf 84' lang='lat' dir='ltr'><strong>balli</strong></span> <span class='ocrx_word' id='word_1_95' title='bbox 1012 1439 1078 1500; x_wconf 88' lang='lat' dir='ltr'><strong>iure</strong></span> <span class='ocrx_word' id='word_1_96' title='bbox 1098 1439 1220 1520; x_wconf 88' lang='lat' dir='ltr'><strong>propria</strong></span> <span class='ocrx_word' id='word_1_97' title='bbox 1232 1441 1310 1499; x_wconf 81' lang='lat' dir='ltr'><strong>facta</strong></span> 
     </span>
     <span class='ocr_line' id='line_1_13' title="bbox 218 1523 1311 1604; baseline -0.004 -18"><span class='ocrx_word' id='word_1_98' title='bbox 218 1537 265 1586; x_wconf 90' lang='lat' dir='ltr'><strong>est</strong></span> <span class='ocrx_word' id='word_1_99' title='bbox 277 1528 457 1603; x_wconf 84' lang='lat' dir='ltr'><strong>Palaestina,</strong></span> <span class='ocrx_word' id='word_1_100' title='bbox 482 1527 521 1586; x_wconf 86' lang='lat' dir='ltr'><strong>ad</strong></span> <span class='ocrx_word' id='word_1_101' title='bbox 535 1527 717 1587; x_wconf 75' lang='lat' dir='ltr'><strong>devastatam</strong></span> <span class='ocrx_word' id='word_1_102' title='bbox 733 1523 948 1584; x_wconf 76' lang='lat' dir='ltr'><strong>Chaldaeorum</strong></span> <span class='ocrx_word' id='word_1_103' title='bbox 962 1525 1051 1584; x_wconf 86' lang='lat' dir='ltr'><strong>ermis</strong></span> <span class='ocrx_word' id='word_1_104' title='bbox 1063 1524 1311 1604; x_wconf 75' lang='lat' dir='ltr'><strong>Hierosolymam,</strong></span> 
     </span>
     <span class='ocr_line' id='line_1_14' title="bbox 216 1608 1310 1689; baseline -0.004 -19"><span class='ocrx_word' id='word_1_105' title='bbox 216 1611 278 1670; x_wconf 82' lang='lat' dir='ltr'><strong>lroc</strong></span> <span class='ocrx_word' id='word_1_106' title='bbox 292 1623 487 1673; x_wconf 78' lang='lat' dir='ltr'><strong>recensentur</strong></span> <span class='ocrx_word' id='word_1_107' title='bbox 503 1612 617 1672; x_wconf 90' lang='lat' dir='ltr'><strong>ordine.</strong></span> <span class='ocrx_word' id='word_1_108' title='bbox 660 1617 689 1678; x_wconf 94' lang='lat'><strong>1.</strong></span> <span class='ocrx_word' id='word_1_109' title='bbox 705 1608 876 1689; x_wconf 74' lang='lat' dir='ltr'><strong>Arpbaxad.</strong></span> <span class='ocrx_word' id='word_1_110' title='bbox 891 1616 921 1675; x_wconf 87' lang='lat'><strong>2.</strong></span> <span class='ocrx_word' id='word_1_111' title='bbox 938 1609 1057 1672; x_wconf 88' lang='lat' dir='ltr'><strong>Cainan.</strong></span> <span class='ocrx_word' id='word_1_112' title='bbox 1073 1613 1105 1674; x_wconf 99' lang='lat'><strong>3.</strong></span> <span class='ocrx_word' id='word_1_113' title='bbox 1119 1611 1195 1669; x_wconf 86' lang='lat' dir='ltr'><strong>Sala.</strong></span> <span class='ocrx_word' id='word_1_114' title='bbox 1209 1609 1239 1674; x_wconf 89' lang='grc'><strong>4.</strong></span> <span class='ocrx_word' id='word_1_115' title='bbox 1252 1609 1310 1668; x_wconf 88' lang='lat' dir='ltr'><strong>He·</strong></span> 
     </span>
     <span class='ocr_line' id='line_1_15' title="bbox 217 1692 1313 1774; baseline -0.003 -19"><span class='ocrx_word' id='word_1_116' title='bbox 217 1696 280 1756; x_wconf 88' lang='lat' dir='ltr'><strong>ber.</strong></span> <span class='ocrx_word' id='word_1_117' title='bbox 296 1697 327 1762; x_wconf 87' lang='lat'><strong>5.</strong></span> <span class='ocrx_word' id='word_1_118' title='bbox 337 1697 461 1768; x_wconf 79' lang='lat' dir='ltr'><strong>Pholoe.</strong></span> <span class='ocrx_word' id='word_1_119' title='bbox 478 1703 508 1763; x_wconf 90' lang='lat'><strong>6.</strong></span> <span class='ocrx_word' id='word_1_120' title='bbox 523 1698 634 1774; x_wconf 86' lang='lat' dir='ltr'><strong>Ragau.</strong></span> <span class='ocrx_word' id='word_1_121' title='bbox 647 1703 677 1761; x_wconf 98' lang='lat'><strong>7.</strong></span> <span class='ocrx_word' id='word_1_122' title='bbox 691 1692 816 1754; x_wconf 77' lang='lat' dir='ltr'><strong>saruch.</strong></span> <span class='ocrx_word' id='word_1_123' title='bbox 835 1697 865 1758; x_wconf 91' lang='lat'><strong>8.</strong></span> <span class='ocrx_word' id='word_1_124' title='bbox 879 1693 1010 1756; x_wconf 85' lang='lat' dir='ltr'><strong>Nachor.</strong></span> <span class='ocrx_word' id='word_1_125' title='bbox 1026 1699 1054 1760; x_wconf 87' lang='lat'><strong>9.</strong></span> <span class='ocrx_word' id='word_1_126' title='bbox 1066 1692 1171 1754; x_wconf 81' lang='lat' dir='ltr'><strong>There.</strong></span> <span class='ocrx_word' id='word_1_127' title='bbox 1189 1698 1238 1760; x_wconf 89' lang='lat'><strong>10.</strong></span> <span class='ocrx_word' id='word_1_128' title='bbox 1252 1694 1313 1752; x_wconf 76' lang='lat' dir='ltr'><strong>Ab.</strong></span> 
     </span>
     <span class='ocr_line' id='line_1_16' title="bbox 216 1777 1312 1848; baseline -0.002 -8"><span class='ocrx_word' id='word_1_129' title='bbox 216 1779 329 1840; x_wconf 85' lang='lat' dir='ltr'><strong>raham.</strong></span> <span class='ocrx_word' id='word_1_130' title='bbox 361 1783 520 1848; x_wconf 86' lang='lat' dir='ltr'><strong>11.1sauc.</strong></span> <span class='ocrx_word' id='word_1_131' title='bbox 551 1786 600 1848; x_wconf 86' lang='lat'><strong>12.</strong></span> <span class='ocrx_word' id='word_1_132' title='bbox 618 1780 715 1842; x_wconf 84' lang='lat' dir='ltr'><strong>lacob.</strong></span> <span class='ocrx_word' id='word_1_133' title='bbox 747 1782 796 1845; x_wconf 88' lang='lat'><strong>13.</strong></span> <span class='ocrx_word' id='word_1_134' title='bbox 815 1777 898 1837; x_wconf 89' lang='lat' dir='ltr'><strong>luda.</strong></span> <span class='ocrx_word' id='word_1_135' title='bbox 925 1779 973 1844; x_wconf 88' lang='grc'><strong>14.</strong></span> <span class='ocrx_word' id='word_1_136' title='bbox 985 1777 1107 1840; x_wconf 82' lang='lat' dir='ltr'><strong>Plrarez.</strong></span> <span class='ocrx_word' id='word_1_137' title='bbox 1136 1780 1187 1845; x_wconf 83' lang='lat'><strong>15.</strong></span> <span class='ocrx_word' id='word_1_138' title='bbox 1207 1779 1312 1838; x_wconf 87' lang='lat' dir='ltr'><strong>Esron.</strong></span> 
     </span>
     <span class='ocr_line' id='line_1_17' title="bbox 219 1863 1311 1932; baseline -0.001 -7"><span class='ocrx_word' id='word_1_139' title='bbox 219 1871 270 1932; x_wconf 88' lang='grc'><strong>16.</strong></span> <span class='ocrx_word' id='word_1_140' title='bbox 289 1865 386 1928; x_wconf 77' lang='lat' dir='ltr'><strong>Aram.</strong></span> <span class='ocrx_word' id='word_1_141' title='bbox 418 1873 469 1932; x_wconf 93' lang='lat'><strong>17.</strong></span> <span class='ocrx_word' id='word_1_142' title='bbox 485 1865 657 1929; x_wconf 74' lang='lat' dir='ltr'><strong>dminsdsb.</strong></span> <span class='ocrx_word' id='word_1_143' title='bbox 689 1868 739 1930; x_wconf 90' lang='grc'><strong>18.</strong></span> <span class='ocrx_word' id='word_1_144' title='bbox 759 1864 892 1922; x_wconf 85' lang='lat' dir='ltr'><strong>Naesson</strong></span> <span class='ocrx_word' id='word_1_145' title='bbox 921 1868 970 1928; x_wconf 83' lang='lat'><strong>19.</strong></span> <span class='ocrx_word' id='word_1_146' title='bbox 989 1864 1119 1926; x_wconf 81' lang='lat' dir='ltr'><strong>salmon.</strong></span> <span class='ocrx_word' id='word_1_147' title='bbox 1147 1869 1198 1929; x_wconf 91' lang='grc'><strong>20.</strong></span> <span class='ocrx_word' id='word_1_148' title='bbox 1220 1863 1311 1930; x_wconf 79' lang='lat' dir='ltr'><strong>Boou.</strong></span> 
     </span>
     <span class='ocr_line' id='line_1_18' title="bbox 217 1945 1314 2017; baseline -0.001 -9"><span class='ocrx_word' id='word_1_149' title='bbox 217 1956 270 2016; x_wconf 92' lang='lat'><strong>21.</strong></span> <span class='ocrx_word' id='word_1_150' title='bbox 285 1950 379 2014; x_wconf 86' lang='lat' dir='ltr'><strong>Obed.</strong></span> <span class='ocrx_word' id='word_1_151' title='bbox 402 1958 455 2017; x_wconf 90' lang='lat'><strong>22.</strong></span> <span class='ocrx_word' id='word_1_152' title='bbox 468 1951 556 2013; x_wconf 87' lang='lat' dir='ltr'><strong>lesse.</strong></span> <span class='ocrx_word' id='word_1_153' title='bbox 577 1952 627 2017; x_wconf 84' lang='lat'><strong>28.</strong></span> <span class='ocrx_word' id='word_1_154' title='bbox 644 1949 749 2011; x_wconf 80' lang='lat' dir='ltr'><strong>David.</strong></span> <span class='ocrx_word' id='word_1_155' title='bbox 770 1949 821 2014; x_wconf 90' lang='grc'><strong>24.</strong></span> <span class='ocrx_word' id='word_1_156' title='bbox 836 1949 984 2011; x_wconf 82' lang='lat' dir='ltr'><strong>Salomon.</strong></span> <span class='ocrx_word' id='word_1_157' title='bbox 1007 1949 1056 2014; x_wconf 87' lang='lat'><strong>25.</strong></span> <span class='ocrx_word' id='word_1_158' title='bbox 1071 1945 1212 2006; x_wconf 85' lang='lat' dir='ltr'><strong>Roboam.</strong></span> <span class='ocrx_word' id='word_1_159' title='bbox 1234 1947 1314 2007; x_wconf 85' lang='lat' dir='ltr'><strong>Hinc</strong></span> 
     </span>
     <span class='ocr_line' id='line_1_19' title="bbox 216 2031 1313 2114; baseline -0.003 -21"><span class='ocrx_word' id='word_1_160' title='bbox 216 2033 308 2093; x_wconf 74' lang='lat' dir='ltr'><strong>Abies</strong></span> <span class='ocrx_word' id='word_1_161' title='bbox 322 2040 375 2100; x_wconf 91' lang='lat'><strong>26.</strong></span> <span class='ocrx_word' id='word_1_162' title='bbox 389 2035 448 2094; x_wconf 79' lang='lat' dir='ltr'><strong>Ass</strong></span> <span class='ocrx_word' id='word_1_163' title='bbox 459 2041 512 2102; x_wconf 89' lang='lat'><strong>27.</strong></span> <span class='ocrx_word' id='word_1_164' title='bbox 528 2035 668 2114; x_wconf 73' lang='lat' dir='ltr'><strong>Iosophat</strong></span> <span class='ocrx_word' id='word_1_165' title='bbox 682 2039 734 2100; x_wconf 87' lang='grc'><strong>28.</strong></span> <span class='ocrx_word' id='word_1_166' title='bbox 751 2033 849 2092; x_wconf 88' lang='lat' dir='ltr'><strong>loram</strong></span> <span class='ocrx_word' id='word_1_167' title='bbox 864 2037 915 2098; x_wconf 86' lang='lat'><strong>29.</strong></span> <span class='ocrx_word' id='word_1_168' title='bbox 938 2032 1024 2091; x_wconf 81' lang='lat' dir='ltr'><strong>Ozias</strong></span> <span class='ocrx_word' id='word_1_169' title='bbox 1040 2037 1090 2099; x_wconf 87' lang='lat'><strong>30.</strong></span> <span class='ocrx_word' id='word_1_170' title='bbox 1112 2031 1247 2091; x_wconf 89' lang='lat' dir='ltr'><strong>loatham</strong></span> <span class='ocrx_word' id='word_1_171' title='bbox 1262 2037 1313 2098; x_wconf 86' lang='lat'><strong>31.</strong></span> 
     </span>
     <span class='ocr_line' id='line_1_20' title="bbox 216 2116 1314 2186; baseline -0.002 -10"><span class='ocrx_word' id='word_1_172' title='bbox 216 2118 318 2177; x_wconf 74' lang='lat' dir='ltr'><strong>Achae</strong></span> <span class='ocrx_word' id='word_1_173' title='bbox 333 2123 385 2185; x_wconf 89' lang='grc'><strong>32.</strong></span> <span class='ocrx_word' id='word_1_174' title='bbox 406 2119 548 2185; x_wconf 80' lang='lat' dir='ltr'><strong>Ezechias</strong></span> <span class='ocrx_word' id='word_1_175' title='bbox 564 2122 615 2186; x_wconf 84' lang='lat'><strong>83.</strong></span> <span class='ocrx_word' id='word_1_176' title='bbox 636 2120 784 2178; x_wconf 84' lang='lat' dir='ltr'><strong>Manasses</strong></span> <span class='ocrx_word' id='word_1_177' title='bbox 803 2118 853 2182; x_wconf 87' lang='grc'><strong>34.</strong></span> <span class='ocrx_word' id='word_1_178' title='bbox 875 2117 972 2176; x_wconf 85' lang='grc' dir='ltr'><strong><em>Διιιοιι</em></strong></span> <span class='ocrx_word' id='word_1_179' title='bbox 989 2117 1041 2182; x_wconf 86' lang='grc'><strong>35.</strong></span> <span class='ocrx_word' id='word_1_180' title='bbox 1063 2116 1154 2176; x_wconf 88' lang='lat' dir='ltr'><strong>losiss</strong></span> <span class='ocrx_word' id='word_1_181' title='bbox 1169 2121 1219 2183; x_wconf 90' lang='grc'><strong>36.</strong></span> <span class='ocrx_word' id='word_1_182' title='bbox 1241 2117 1314 2175; x_wconf 91' lang='lat' dir='ltr'><strong>loa—</strong></span> 
     </span>
     <span class='ocr_line' id='line_1_21' title="bbox 217 2199 1316 2278; baseline 0.001 -18"><span class='ocrx_word' id='word_1_183' title='bbox 217 2201 289 2261; x_wconf 83' lang='lat' dir='ltr'><strong>clrss</strong></span> <span class='ocrx_word' id='word_1_184' title='bbox 305 2209 356 2268; x_wconf 82' lang='lat'><strong>37.</strong></span> <span class='ocrx_word' id='word_1_185' title='bbox 377 2204 487 2263; x_wconf 83' lang='lat' dir='ltr'><strong>Ioacim</strong></span> <span class='ocrx_word' id='word_1_186' title='bbox 499 2209 550 2270; x_wconf 90' lang='grc'><strong>38.</strong></span> <span class='ocrx_word' id='word_1_187' title='bbox 562 2203 702 2263; x_wconf 82' lang='lat' dir='ltr'><strong>loachim</strong></span> <span class='ocrx_word' id='word_1_188' title='bbox 715 2207 768 2270; x_wconf 85' lang='lat'><strong>39.</strong></span> <span class='ocrx_word' id='word_1_189' title='bbox 799 2202 861 2261; x_wconf 88' lang='lat' dir='ltr'><strong>Sub</strong></span> <span class='ocrx_word' id='word_1_190' title='bbox 877 2201 997 2261; x_wconf 87' lang='lat' dir='ltr'><strong>Sedecia</strong></span> <span class='ocrx_word' id='word_1_191' title='bbox 1009 2221 1133 2278; x_wconf 79' lang='lat' dir='ltr'><strong>regnum</strong></span> <span class='ocrx_word' id='word_1_192' title='bbox 1148 2199 1316 2261; x_wconf 81' lang='lat' dir='ltr'><strong>extinctum</strong></span> 
     </span>
     <span class='ocr_line' id='line_1_22' title="bbox 217 2285 1316 2367; baseline -0.001 -22"><span class='ocrx_word' id='word_1_193' title='bbox 217 2296 277 2346; x_wconf 84' lang='lat' dir='ltr'><strong>est:</strong></span> <span class='ocrx_word' id='word_1_194' title='bbox 297 2285 348 2345; x_wconf 88' lang='lat' dir='ltr'><strong>hic</strong></span> <span class='ocrx_word' id='word_1_195' title='bbox 360 2289 411 2352; x_wconf 89' lang='grc'><strong>40.</strong></span> <span class='ocrx_word' id='word_1_196' title='bbox 424 2287 524 2367; x_wconf 67' lang='lat' dir='ltr'><strong>petest</strong></span> <span class='ocrx_word' id='word_1_197' title='bbox 537 2288 687 2348; x_wconf 77' lang='lat' dir='ltr'><strong>numerari</strong></span> <span class='ocrx_word' id='word_1_198' title='bbox 704 2298 734 2345; x_wconf 88' lang='lat' dir='ltr'><strong>et</strong></span> <span class='ocrx_word' id='word_1_199' title='bbox 748 2287 925 2346; x_wconf 87' lang='lat' dir='ltr'><strong>emendandi</strong></span> <span class='ocrx_word' id='word_1_200' title='bbox 937 2286 1055 2364; x_wconf 88' lang='lat' dir='ltr'><strong>numeri</strong></span> <span class='ocrx_word' id='word_1_201' title='bbox 1067 2290 1118 2350; x_wconf 91' lang='grc'><strong>38.</strong></span> <span class='ocrx_word' id='word_1_202' title='bbox 1133 2285 1166 2344; x_wconf 89' lang='lat' dir='ltr'><strong>in</strong></span> <span class='ocrx_word' id='word_1_203' title='bbox 1180 2287 1229 2350; x_wconf 88' lang='grc'><strong>40.</strong></span> <span class='ocrx_word' id='word_1_204' title='bbox 1246 2306 1316 2344; x_wconf 86' lang='lat' dir='ltr'><strong>cau-</strong></span> 
     </span>
     <span class='ocr_line' id='line_1_23' title="bbox 217 2369 1315 2448; baseline -0.001 -19"><span class='ocrx_word' id='word_1_205' title='bbox 217 2391 282 2430; x_wconf 79' lang='lat' dir='ltr'><strong>sam</strong></span> <span class='ocrx_word' id='word_1_206' title='bbox 302 2371 388 2430; x_wconf 91' lang='lat' dir='ltr'><strong>dare·</strong></span> <span class='ocrx_word' id='word_1_207' title='bbox 410 2372 470 2430; x_wconf 89' lang='lat' dir='ltr'><strong>nisi</strong></span> <span class='ocrx_word' id='word_1_208' title='bbox 492 2373 595 2431; x_wconf 83' lang='lat' dir='ltr'><strong>forsan</strong></span> <span class='ocrx_word' id='word_1_209' title='bbox 619 2372 767 2430; x_wconf 86' lang='lat' dir='ltr'><strong>iuniorem</strong></span> <span class='ocrx_word' id='word_1_210' title='bbox 785 2369 897 2428; x_wconf 85' lang='lat' dir='ltr'><strong>Cainuu</strong></span> <span class='ocrx_word' id='word_1_211' title='bbox 922 2389 1040 2428; x_wconf 85' lang='lat' dir='ltr'><strong>censeas</strong></span> <span class='ocrx_word' id='word_1_212' title='bbox 1066 2370 1315 2448; x_wconf 78' lang='lat' dir='ltr'><strong>expungendum·</strong></span> 
     </span>
     <span class='ocr_line' id='line_1_24' title="bbox 218 2453 1318 2535; baseline -0.001 -22"><span class='ocrx_word' id='word_1_213' title='bbox 218 2475 279 2533; x_wconf 89' lang='lat' dir='ltr'><strong>quo</strong></span> <span class='ocrx_word' id='word_1_214' title='bbox 294 2455 455 2535; x_wconf 84' lang='lat' dir='ltr'><strong>praestito,</strong></span> <span class='ocrx_word' id='word_1_215' title='bbox 477 2457 634 2531; x_wconf 88' lang='lat' dir='ltr'><strong>Salomon,</strong></span> <span class='ocrx_word' id='word_1_216' title='bbox 655 2466 690 2515; x_wconf 89' lang='lat' dir='ltr'><strong>ut</strong></span> <span class='ocrx_word' id='word_1_217' title='bbox 706 2454 758 2512; x_wconf 90' lang='lat' dir='ltr'><strong>hic</strong></span> <span class='ocrx_word' id='word_1_218' title='bbox 773 2454 877 2513; x_wconf 83' lang='lat' dir='ltr'><strong>scribit</strong></span> <span class='ocrx_word' id='word_1_219' title='bbox 890 2453 1027 2529; x_wconf 76' lang='lat' dir='ltr'><strong>Autlror,</strong></span> <span class='ocrx_word' id='word_1_220' title='bbox 1050 2454 1151 2512; x_wconf 89' lang='lat' dir='ltr'><strong>locum</strong></span> <span class='ocrx_word' id='word_1_221' title='bbox 1165 2457 1216 2519; x_wconf 87' lang='grc'><strong>23.</strong></span> <span class='ocrx_word' id='word_1_222' title='bbox 1235 2454 1318 2512; x_wconf 88' lang='lat' dir='ltr'><strong>obti-</strong></span> 
     </span>
     <span class='ocr_line' id='line_1_25' title="bbox 217 2537 1316 2619; baseline -0.002 -21"><span class='ocrx_word' id='word_1_223' title='bbox 217 2549 279 2598; x_wconf 89' lang='lat' dir='ltr'><strong>net.</strong></span> <span class='ocrx_word' id='word_1_224' title='bbox 321 2537 466 2599; x_wconf 79' lang='lat' dir='ltr'><strong>Authoris</strong></span> <span class='ocrx_word' id='word_1_225' title='bbox 488 2539 590 2619; x_wconf 80' lang='lat' dir='ltr'><strong>itaque</strong></span> <span class='ocrx_word' id='word_1_226' title='bbox 608 2539 751 2614; x_wconf 61' lang='lat' dir='ltr'><strong>alcidis,</strong></span> <span class='ocrx_word' id='word_1_227' title='bbox 780 2538 889 2618; x_wconf 88' lang='lat' dir='ltr'><strong>quibus</strong></span> <span class='ocrx_word' id='word_1_228' title='bbox 920 2548 1089 2617; x_wconf 78' lang='lat' dir='ltr'><strong>expunctus</strong></span> <span class='ocrx_word' id='word_1_229' title='bbox 1113 2547 1175 2597; x_wconf 88' lang='lat' dir='ltr'><strong>erat</strong></span> <span class='ocrx_word' id='word_1_230' title='bbox 1196 2539 1316 2614; x_wconf 81' lang='lat' dir='ltr'><strong>Ca&#39;inan,</strong></span> 
     </span>
    </p>
   </div>
   <div class='ocr_carea' id='block_1_3' title="bbox 219 2624 1319 2788">
    <p class='ocr_par' dir='ltr' id='par_1_4' title="bbox 219 2624 1304 2784">
     <span class='ocr_line' id='line_1_26' title="bbox 219 2624 514 2703; baseline 0 -21"><span class='ocrx_word' id='word_1_231' title='bbox 219 2624 362 2703; x_wconf 75' lang='lat' dir='ltr'><strong>Georgius</strong></span> <span class='ocrx_word' id='word_1_232' title='bbox 377 2644 449 2683; x_wconf 89' lang='lat' dir='ltr'><strong>usus</strong></span> <span class='ocrx_word' id='word_1_233' title='bbox 460 2632 514 2683; x_wconf 87' lang='lat' dir='ltr'><strong>ost.</strong></span> 
     </span>
     <span class='ocr_line' id='line_1_27' title="bbox 303 2689 1319 2788; baseline -0.006 -18"><span class='ocrx_word' id='word_1_234' title='bbox 303 2707 367 2770; x_wconf 75' lang='grc' dir='ltr'><strong>Καὶ</strong></span> <span class='ocrx_word' id='word_1_235' title='bbox 382 2708 479 2788; x_wconf 74' lang='lat' dir='ltr'><strong>isoio</strong></span> <span class='ocrx_word' id='word_1_236' title='bbox 479 2703 570 2787; x_wconf 68' lang='grc' dir='ltr'><strong><em>αχ.ιιξ</em></strong></span> <span class='ocrx_word' id='word_1_237' title='bbox 573 2711 584 2778; x_wconf 90' lang='lat'><strong>]</strong></span> <span class='ocrx_word' id='word_1_238' title='bbox 605 2705 762 2784; x_wconf 83' lang='lat' dir='ltr'><strong>Templum</strong></span> <span class='ocrx_word' id='word_1_239' title='bbox 780 2725 797 2761; x_wconf 90' lang='lat' dir='ltr'><strong>a</strong></span> <span class='ocrx_word' id='word_1_240' title='bbox 811 2703 970 2763; x_wconf 89' lang='lat' dir='ltr'><strong>Salomone</strong></span> <span class='ocrx_word' id='word_1_241' title='bbox 984 2689 1158 2763; x_wconf 82' lang='lat' dir='ltr'><strong>inchoatum</strong></span> <span class='ocrx_word' id='word_1_242' title='bbox 1172 2704 1256 2782; x_wconf 84' lang='lat' dir='ltr'><strong>regni</strong></span> <span class='ocrx_word' id='word_1_243' title='bbox 1273 2725 1319 2764; x_wconf 89' lang='lat' dir='ltr'><strong>se</strong></span> 
     </span>
    </p>
   </div>
   <div class='ocr_carea' id='block_1_4' title="bbox 186 2733 1376 4484">
    <p class='ocr_par' dir='ltr' id='par_1_5' title="bbox 186 2733 1376 4484">
     <span class='ocr_line' id='line_1_28' title="bbox 218 2733 1319 2870; baseline -0.002 -20"><span class='ocrx_word' id='word_1_244' title='bbox 218 2792 328 2867; x_wconf 87' lang='lat' dir='ltr'><strong>eundo,</strong></span> <span class='ocrx_word' id='word_1_245' title='bbox 350 2800 380 2849; x_wconf 88' lang='lat' dir='ltr'><strong>et</strong></span> <span class='ocrx_word' id='word_1_246' title='bbox 392 2768 497 2850; x_wconf 77' lang='lat' dir='ltr'><strong>octasio</strong></span> <span class='ocrx_word' id='word_1_247' title='bbox 479 2733 700 2870; x_wconf 54' lang='grc' dir='ltr'><strong>οαιφαιιίιιοίιιιιι</strong></span> <span class='ocrx_word' id='word_1_248' title='bbox 723 2788 831 2848; x_wconf 89' lang='lat' dir='ltr'><strong>deinde</strong></span> <span class='ocrx_word' id='word_1_249' title='bbox 843 2787 949 2848; x_wconf 84' lang='lat' dir='ltr'><strong>aetatis</strong></span> <span class='ocrx_word' id='word_1_250' title='bbox 962 2788 1140 2850; x_wconf 83' lang='lat' dir='ltr'><strong>duodecimo</strong></span> <span class='ocrx_word' id='word_1_251' title='bbox 1153 2789 1319 2870; x_wconf 89' lang='lat' dir='ltr'><strong>rempubli-</strong></span> 
     </span>
     <span class='ocr_line' id='line_1_29' title="bbox 218 2873 1319 2956; baseline -0.003 -21"><span class='ocrx_word' id='word_1_252' title='bbox 218 2895 284 2935; x_wconf 85' lang='lat' dir='ltr'><strong>cam</strong></span> <span class='ocrx_word' id='word_1_253' title='bbox 296 2875 459 2956; x_wconf 84' lang='lat' dir='ltr'><strong>suscepisse</strong></span> <span class='ocrx_word' id='word_1_254' title='bbox 475 2875 756 2947; x_wconf 87' lang='lat' dir='ltr'><strong>administrandam,</strong></span> <span class='ocrx_word' id='word_1_255' title='bbox 779 2893 814 2931; x_wconf 85' lang='lat' dir='ltr'><strong>ec</strong></span> <span class='ocrx_word' id='word_1_256' title='bbox 828 2873 955 2952; x_wconf 80' lang='lat' dir='ltr'><strong>proinde</strong></span> <span class='ocrx_word' id='word_1_257' title='bbox 968 2875 1048 2932; x_wconf 85' lang='lat' dir='ltr'><strong>vitae</strong></span> <span class='ocrx_word' id='word_1_258' title='bbox 1072 2875 1215 2952; x_wconf 84' lang='lat' dir='ltr'><strong>vigesimo</strong></span> <span class='ocrx_word' id='word_1_259' title='bbox 1238 2884 1319 2932; x_wconf 86' lang='lat' dir='ltr'><strong>tem-</strong></span> 
     </span>
     <span class='ocr_line' id='line_1_30' title="bbox 217 2959 1317 3041; baseline -0.002 -23"><span class='ocrx_word' id='word_1_260' title='bbox 217 2961 264 3041; x_wconf 91' lang='lat' dir='ltr'><strong>pli</strong></span> <span class='ocrx_word' id='word_1_261' title='bbox 280 2961 388 3019; x_wconf 90' lang='lat' dir='ltr'><strong>molem</strong></span> <span class='ocrx_word' id='word_1_262' title='bbox 404 2961 443 3019; x_wconf 91' lang='lat' dir='ltr'><strong>ad</strong></span> <span class='ocrx_word' id='word_1_263' title='bbox 464 2961 584 3019; x_wconf 84' lang='lat' dir='ltr'><strong>culmen</strong></span> <span class='ocrx_word' id='word_1_264' title='bbox 606 2959 745 3018; x_wconf 81' lang='lat' dir='ltr'><strong>eduxisse</strong></span> <span class='ocrx_word' id='word_1_265' title='bbox 761 2959 906 3036; x_wconf 81' lang='lat' dir='ltr'><strong>Georgius</strong></span> <span class='ocrx_word' id='word_1_266' title='bbox 932 2959 1082 3037; x_wconf 86' lang='lat' dir='ltr'><strong>opinatur.</strong></span> <span class='ocrx_word' id='word_1_267' title='bbox 1123 2960 1159 3018; x_wconf 93' lang='lat' dir='ltr'><strong>ld</strong></span> <span class='ocrx_word' id='word_1_268' title='bbox 1177 2979 1239 3017; x_wconf 88' lang='lat' dir='ltr'><strong>non</strong></span> <span class='ocrx_word' id='word_1_269' title='bbox 1262 2960 1317 3017; x_wconf 89' lang='lat' dir='ltr'><strong>ob-</strong></span> 
     </span>
     <span class='ocr_line' id='line_1_31' title="bbox 217 3042 1319 3122; baseline 0.001 -20"><span class='ocrx_word' id='word_1_270' title='bbox 217 3064 304 3104; x_wconf 88' lang='lat' dir='ltr'><strong>scure</strong></span> <span class='ocrx_word' id='word_1_271' title='bbox 318 3054 468 3106; x_wconf 85' lang='lat' dir='ltr'><strong>testantur</strong></span> <span class='ocrx_word' id='word_1_272' title='bbox 482 3045 545 3104; x_wconf 86' lang='lat' dir='ltr'><strong>eius</strong></span> <span class='ocrx_word' id='word_1_273' title='bbox 559 3045 597 3104; x_wconf 86' lang='lat' dir='ltr'><strong>de</strong></span> <span class='ocrx_word' id='word_1_274' title='bbox 609 3042 776 3109; x_wconf 82' lang='lat' dir='ltr'><strong>Salomonis</strong></span> <span class='ocrx_word' id='word_1_275' title='bbox 795 3061 888 3121; x_wconf 83' lang='lat' dir='ltr'><strong>regno</strong></span> <span class='ocrx_word' id='word_1_276' title='bbox 903 3044 1033 3122; x_wconf 86' lang='lat' dir='ltr'><strong>scripta,</strong></span> <span class='ocrx_word' id='word_1_277' title='bbox 1055 3052 1092 3102; x_wconf 88' lang='lat' dir='ltr'><strong>ut</strong></span> <span class='ocrx_word' id='word_1_278' title='bbox 1107 3052 1139 3102; x_wconf 90' lang='lat' dir='ltr'><strong>et</strong></span> <span class='ocrx_word' id='word_1_279' title='bbox 1167 3044 1278 3103; x_wconf 86' lang='lat' dir='ltr'><strong>ibidem</strong></span> <span class='ocrx_word' id='word_1_280' title='bbox 1300 3064 1319 3103; x_wconf 90' lang='lat' dir='ltr'><strong>a</strong></span> 
     </span>
     <span class='ocr_line' id='line_1_32' title="bbox 218 3129 1319 3208; baseline 0 -21"><span class='ocrx_word' id='word_1_281' title='bbox 218 3129 355 3189; x_wconf 87' lang='lat' dir='ltr'><strong>Librario</strong></span> <span class='ocrx_word' id='word_1_282' title='bbox 376 3129 411 3188; x_wconf 90' lang='lat' dir='ltr'><strong>in</strong></span> <span class='ocrx_word' id='word_1_283' title='bbox 432 3129 565 3207; x_wconf 84' lang='lat' dir='ltr'><strong>margine</strong></span> <span class='ocrx_word' id='word_1_284' title='bbox 587 3139 729 3188; x_wconf 88' lang='lat' dir='ltr'><strong>annotata</strong></span> <span class='ocrx_word' id='word_1_285' title='bbox 754 3147 821 3207; x_wconf 84' lang='lat' dir='ltr'><strong>pag.</strong></span> <span class='ocrx_word' id='word_1_286' title='bbox 845 3133 916 3194; x_wconf 89' lang='lat'><strong>181.</strong></span> <span class='ocrx_word' id='word_1_287' title='bbox 939 3129 970 3189; x_wconf 88' lang='lat' dir='ltr'><strong>C.</strong></span> <span class='ocrx_word' id='word_1_288' title='bbox 993 3129 1065 3187; x_wconf 85' lang='lat' dir='ltr'><strong>Post</strong></span> <span class='ocrx_word' id='word_1_289' title='bbox 1083 3148 1195 3187; x_wconf 86' lang='lat' dir='ltr'><strong>anuum</strong></span> <span class='ocrx_word' id='word_1_290' title='bbox 1218 3129 1319 3208; x_wconf 87' lang='lat' dir='ltr'><strong>itaque</strong></span> 
     </span>
     <span class='ocr_line' id='line_1_33' title="bbox 219 3213 1318 3294; baseline 0 -22"><span class='ocrx_word' id='word_1_291' title='bbox 219 3213 327 3273; x_wconf 85' lang='lat' dir='ltr'><strong>mundi</strong></span> <span class='ocrx_word' id='word_1_292' title='bbox 341 3219 435 3280; x_wconf 85' lang='lat'><strong>2791.</strong></span> <span class='ocrx_word' id='word_1_293' title='bbox 448 3213 612 3274; x_wconf 89' lang='lat' dir='ltr'><strong>numeratis</strong></span> <span class='ocrx_word' id='word_1_294' title='bbox 628 3218 719 3279; x_wconf 84' lang='grc'><strong>1687</strong></span> <span class='ocrx_word' id='word_1_295' title='bbox 733 3234 802 3273; x_wconf 88' lang='lat' dir='ltr'><strong>cum</strong></span> <span class='ocrx_word' id='word_1_296' title='bbox 816 3213 887 3272; x_wconf 91' lang='lat' dir='ltr'><strong>anni</strong></span> <span class='ocrx_word' id='word_1_297' title='bbox 909 3232 1039 3290; x_wconf 79' lang='lat' dir='ltr'><strong>consurg</strong></span> <span class='ocrx_word' id='word_1_298' title='bbox 1040 3222 1092 3272; x_wconf 88' lang='lat' dir='ltr'><strong>ant</strong></span> <span class='ocrx_word' id='word_1_299' title='bbox 1114 3213 1207 3278; x_wconf 81' lang='lat'><strong>4478</strong></span> <span class='ocrx_word' id='word_1_300' title='bbox 1224 3213 1318 3294; x_wconf 87' lang='lat' dir='ltr'><strong>(quae</strong></span> 
     </span>
     <span class='ocr_line' id='line_1_34' title="bbox 220 3297 1317 3384; baseline 0 -28"><span class='ocrx_word' id='word_1_301' title='bbox 220 3308 264 3357; x_wconf 89' lang='lat' dir='ltr'><strong>est</strong></span> <span class='ocrx_word' id='word_1_302' title='bbox 276 3298 372 3378; x_wconf 82' lang='lat' dir='ltr'><strong>prims</strong></span> <span class='ocrx_word' id='word_1_303' title='bbox 392 3307 492 3357; x_wconf 84' lang='lat' dir='ltr'><strong>textus</strong></span> <span class='ocrx_word' id='word_1_304' title='bbox 516 3297 690 3377; x_wconf 80' lang='lat' dir='ltr'><strong>castigatio)</strong></span> <span class='ocrx_word' id='word_1_305' title='bbox 708 3308 884 3358; x_wconf 88' lang='lat' dir='ltr'><strong>numeratur</strong></span> <span class='ocrx_word' id='word_1_306' title='bbox 907 3299 1021 3377; x_wconf 87' lang='lat' dir='ltr'><strong>pariter</strong></span> <span class='ocrx_word' id='word_1_307' title='bbox 1033 3297 1214 3356; x_wconf 82' lang='lat' dir='ltr'><strong>salomonici</strong></span> <span class='ocrx_word' id='word_1_308' title='bbox 1233 3297 1317 3384; x_wconf 80' lang='lat' dir='ltr'><strong>regni</strong></span> 
     </span>
     <span class='ocr_line' id='line_1_35' title="bbox 219 3381 1318 3463; baseline 0 -23"><span class='ocrx_word' id='word_1_309' title='bbox 219 3403 317 3442; x_wconf 81' lang='lat' dir='ltr'><strong>annus</strong></span> <span class='ocrx_word' id='word_1_310' title='bbox 330 3391 452 3442; x_wconf 80' lang='lat' dir='ltr'><strong>octavus</strong></span> <span class='ocrx_word' id='word_1_311' title='bbox 466 3393 495 3444; x_wconf 88' lang='lat' dir='ltr'><strong>et</strong></span> <span class='ocrx_word' id='word_1_312' title='bbox 506 3385 610 3443; x_wconf 90' lang='lat' dir='ltr'><strong>aetatis</strong></span> <span class='ocrx_word' id='word_1_313' title='bbox 627 3383 690 3442; x_wconf 86' lang='lat' dir='ltr'><strong>eius</strong></span> <span class='ocrx_word' id='word_1_314' title='bbox 706 3383 868 3442; x_wconf 88' lang='lat' dir='ltr'><strong>vicesimus</strong></span> <span class='ocrx_word' id='word_1_315' title='bbox 892 3381 987 3463; x_wconf 84' lang='lat' dir='ltr'><strong>(qnae</strong></span> <span class='ocrx_word' id='word_1_316' title='bbox 1008 3391 1051 3440; x_wconf 85' lang='lat' dir='ltr'><strong>est</strong></span> <span class='ocrx_word' id='word_1_317' title='bbox 1072 3384 1202 3440; x_wconf 83' lang='lat' dir='ltr'><strong>secunde</strong></span> <span class='ocrx_word' id='word_1_318' title='bbox 1221 3402 1318 3440; x_wconf 88' lang='lat' dir='ltr'><strong>emen</strong></span> 
     </span>
     <span class='ocr_line' id='line_1_36' title="bbox 220 3465 1291 3574; baseline -0.001 -48"><span class='ocrx_word' id='word_1_319' title='bbox 220 3465 322 3547; x_wconf 76' lang='lat' dir='ltr'><strong>datio)</strong></span> <span class='ocrx_word' id='word_1_320' title='bbox 339 3468 377 3525; x_wconf 90' lang='lat' dir='ltr'><strong>ad</strong></span> <span class='ocrx_word' id='word_1_321' title='bbox 394 3490 445 3545; x_wconf 58' lang='lat' dir='ltr'><strong>re„</strong></span> <span class='ocrx_word' id='word_1_322' title='bbox 430 3489 518 3527; x_wconf 78' lang='lat' dir='ltr'><strong>⁰num</strong></span> <span class='ocrx_word' id='word_1_323' title='bbox 534 3469 646 3548; x_wconf 88' lang='lat' dir='ltr'><strong>quippe</strong></span> <span class='ocrx_word' id='word_1_324' title='bbox 661 3469 797 3527; x_wconf 88' lang='lat' dir='ltr'><strong>admotus</strong></span> <span class='ocrx_word' id='word_1_325' title='bbox 811 3477 885 3528; x_wconf 86' lang='lat' dir='ltr'><strong>esta</strong></span> <span class='ocrx_word' id='word_1_326' title='bbox 900 3467 993 3526; x_wconf 81' lang='lat' dir='ltr'><strong>natali</strong></span> <span class='ocrx_word' id='word_1_327' title='bbox 1010 3487 1090 3574; x_wconf 79' lang='lat' dir='ltr'><strong>apno</strong></span> <span class='ocrx_word' id='word_1_328' title='bbox 1106 3467 1291 3528; x_wconf 85' lang='lat' dir='ltr'><strong>duodecimo.</strong></span> 
     </span>
     <span class='ocr_line' id='line_1_37' title="bbox 303 3547 1318 3632; baseline -0.002 -17.982"><span class='ocrx_word' id='word_1_329' title='bbox 303 3551 406 3614; x_wconf 83' lang='grc' dir='ltr'><strong><em>Οιιαί</em></strong></span> <span class='ocrx_word' id='word_1_330' title='bbox 428 3553 564 3629; x_wconf 80' lang='grc' dir='ltr'><strong><em>ἔφθασεν</em></strong></span> <span class='ocrx_word' id='word_1_331' title='bbox 580 3555 623 3626; x_wconf 81' lang='grc' dir='ltr'><strong>είς</strong></span> <span class='ocrx_word' id='word_1_332' title='bbox 642 3577 676 3614; x_wconf 85' lang='grc' dir='ltr'><strong>το</strong></span> <span class='ocrx_word' id='word_1_333' title='bbox 666 3547 788 3631; x_wconf 75' lang='lat' dir='ltr'><strong>doou&#39;.</strong></span> <span class='ocrx_word' id='word_1_334' title='bbox 813 3550 927 3628; x_wconf 42' lang='grc' dir='ltr'><strong><em>ίιυςβ</em></strong></span> <span class='ocrx_word' id='word_1_335' title='bbox 911 3549 979 3632; x_wconf 75' lang='grc' dir='ltr'><strong><em>η’τοι</em></strong></span> <span class='ocrx_word' id='word_1_336' title='bbox 999 3548 1034 3615; x_wconf 73' lang='grc' dir='ltr'><strong>τό</strong></span> <span class='ocrx_word' id='word_1_337' title='bbox 1048 3547 1084 3613; x_wconf 86' lang='grc' dir='ltr'><strong>κ’.</strong></span> <span class='ocrx_word' id='word_1_338' title='bbox 1105 3556 1161 3631; x_wconf 83' lang='grc' dir='ltr'><strong>τῆς</strong></span> <span class='ocrx_word' id='word_1_339' title='bbox 1179 3550 1318 3630; x_wconf 63' lang='grc' dir='ltr'><strong><em>ἡλικίας]</em></strong></span> 
     </span>
     <span class='ocr_line' id='line_1_38' title="bbox 218 3635 1319 3718; baseline -0.003 -21"><span class='ocrx_word' id='word_1_340' title='bbox 218 3636 557 3718; x_wconf 74' lang='lat' dir='ltr'><strong>ExGeorgiiscriptis,</strong></span> <span class='ocrx_word' id='word_1_341' title='bbox 583 3638 842 3718; x_wconf 81' lang='lat' dir='ltr'><strong>Eusebiisaripta,</strong></span> <span class='ocrx_word' id='word_1_342' title='bbox 865 3647 943 3695; x_wconf 86' lang='lat' dir='ltr'><strong>etex</strong></span> <span class='ocrx_word' id='word_1_343' title='bbox 959 3636 1024 3694; x_wconf 90' lang='lat' dir='ltr'><strong>eius</strong></span> <span class='ocrx_word' id='word_1_344' title='bbox 1047 3646 1206 3714; x_wconf 89' lang='lat' dir='ltr'><strong>computo</strong></span> <span class='ocrx_word' id='word_1_345' title='bbox 1228 3635 1319 3694; x_wconf 74' lang='lat' dir='ltr'><strong>liuius</strong></span> 
     </span>
     <span class='ocr_line' id='line_1_39' title="bbox 223 3719 1319 3803; baseline -0.001 -24"><span class='ocrx_word' id='word_1_346' title='bbox 223 3733 400 3803; x_wconf 86' lang='lat' dir='ltr'><strong>computum</strong></span> <span class='ocrx_word' id='word_1_347' title='bbox 413 3723 634 3783; x_wconf 85' lang='lat' dir='ltr'><strong>instauraturus</strong></span> <span class='ocrx_word' id='word_1_348' title='bbox 649 3723 780 3800; x_wconf 79' lang='lat' dir='ltr'><strong>Scaliger</strong></span> <span class='ocrx_word' id='word_1_349' title='bbox 795 3719 945 3782; x_wconf 77' lang='lat' dir='ltr'><strong>verbar</strong></span> <span class='ocrx_word' id='word_1_350' title='bbox 908 3722 1074 3800; x_wconf 86' lang='lat' dir='ltr'><strong>praesentia</strong></span> <span class='ocrx_word' id='word_1_351' title='bbox 1085 3721 1117 3779; x_wconf 90' lang='lat' dir='ltr'><strong>in</strong></span> <span class='ocrx_word' id='word_1_352' title='bbox 1130 3741 1217 3780; x_wconf 87' lang='lat' dir='ltr'><strong>suurn</strong></span> <span class='ocrx_word' id='word_1_353' title='bbox 1229 3723 1319 3780; x_wconf 85' lang='lat' dir='ltr'><strong>Ense</strong></span> 
     </span>
     <span class='ocr_line' id='line_1_40' title="bbox 219 3805 1365 3887; baseline 0.001 -24"><span class='ocrx_word' id='word_1_354' title='bbox 219 3805 384 3886; x_wconf 80' lang='lat' dir='ltr'><strong>biumpag.</strong></span> <span class='ocrx_word' id='word_1_355' title='bbox 403 3813 452 3873; x_wconf 90' lang='lat'><strong>10.</strong></span> <span class='ocrx_word' id='word_1_356' title='bbox 465 3809 520 3871; x_wconf 88' lang='lat' dir='ltr'><strong>lin.</strong></span> <span class='ocrx_word' id='word_1_357' title='bbox 537 3808 652 3887; x_wconf 84' lang='lat' dir='ltr'><strong>penult.</strong></span> <span class='ocrx_word' id='word_1_358' title='bbox 676 3808 837 3867; x_wconf 87' lang='lat' dir='ltr'><strong>transtulit.</strong></span> <span class='ocrx_word' id='word_1_359' title='bbox 880 3807 948 3880; x_wconf 90' lang='lat' dir='ltr'><strong>Qua</strong></span> <span class='ocrx_word' id='word_1_360' title='bbox 966 3827 1050 3866; x_wconf 87' lang='lat' dir='ltr'><strong>nunc</strong></span> <span class='ocrx_word' id='word_1_361' title='bbox 1068 3806 1184 3866; x_wconf 89' lang='lat' dir='ltr'><strong>ratione</strong></span> <span class='ocrx_word' id='word_1_362' title='bbox 1197 3806 1324 3886; x_wconf 84' lang='lat' dir='ltr'><strong>Eusebil</strong></span> <span class='ocrx_word' id='word_1_363' title='bbox 1364 3877 1365 3880; x_wconf 7' lang='grc' dir='ltr'><strong>Ἴ</strong></span> 
     </span>
     <span class='ocr_line' id='line_1_41' title="bbox 222 3891 1319 3971; baseline 0 -23"><span class='ocrx_word' id='word_1_364' title='bbox 222 3891 347 3950; x_wconf 84' lang='lat' dir='ltr'><strong>calculis</strong></span> <span class='ocrx_word' id='word_1_365' title='bbox 362 3892 482 3971; x_wconf 86' lang='lat' dir='ltr'><strong>adaptet</strong></span> <span class='ocrx_word' id='word_1_366' title='bbox 498 3893 610 3952; x_wconf 84' lang='lat' dir='ltr'><strong>videsis</strong></span> <span class='ocrx_word' id='word_1_367' title='bbox 622 3894 744 3967; x_wconf 81' lang='lat' dir='ltr'><strong>Lector,</strong></span> <span class='ocrx_word' id='word_1_368' title='bbox 768 3903 798 3952; x_wconf 89' lang='lat' dir='ltr'><strong>et</strong></span> <span class='ocrx_word' id='word_1_369' title='bbox 813 3891 942 3952; x_wconf 89' lang='lat' dir='ltr'><strong>hominis</strong></span> <span class='ocrx_word' id='word_1_370' title='bbox 961 3892 1110 3950; x_wconf 85' lang='lat' dir='ltr'><strong>iudicium</strong></span> <span class='ocrx_word' id='word_1_371' title='bbox 1132 3891 1249 3950; x_wconf 87' lang='lat' dir='ltr'><strong>mirare.</strong></span> <span class='ocrx_word' id='word_1_372' title='bbox 1292 3892 1319 3948; x_wconf 76' lang='grc' dir='ltr'><strong>Α</strong></span> 
     </span>
     <span class='ocr_line' id='line_1_42' title="bbox 222 3973 1320 4042; baseline -0.001 -8"><span class='ocrx_word' id='word_1_373' title='bbox 222 3974 326 4034; x_wconf 89' lang='lat' dir='ltr'><strong>mundi</strong></span> <span class='ocrx_word' id='word_1_374' title='bbox 343 3987 413 4035; x_wconf 86' lang='lat' dir='ltr'><strong>ortu</strong></span> <span class='ocrx_word' id='word_1_375' title='bbox 426 3976 465 4034; x_wconf 92' lang='lat' dir='ltr'><strong>ad</strong></span> <span class='ocrx_word' id='word_1_376' title='bbox 480 3977 627 4036; x_wconf 76' lang='lat' dir='ltr'><strong>Abraham</strong></span> <span class='ocrx_word' id='word_1_377' title='bbox 642 3977 719 4036; x_wconf 87' lang='lat' dir='ltr'><strong>diem</strong></span> <span class='ocrx_word' id='word_1_378' title='bbox 740 3976 869 4036; x_wconf 85' lang='lat' dir='ltr'><strong>natalem</strong></span> <span class='ocrx_word' id='word_1_379' title='bbox 885 3973 978 4035; x_wconf 88' lang='lat' dir='ltr'><strong>annos</strong></span> <span class='ocrx_word' id='word_1_380' title='bbox 992 3977 1086 4042; x_wconf 82' lang='lat'><strong>3184.</strong></span> <span class='ocrx_word' id='word_1_381' title='bbox 1103 3975 1245 4034; x_wconf 81' lang='lat' dir='ltr'><strong>Eusebius</strong></span> <span class='ocrx_word' id='word_1_382' title='bbox 1260 3995 1320 4034; x_wconf 87' lang='lat' dir='ltr'><strong>nu-</strong></span> 
     </span>
     <span class='ocr_line' id='line_1_43' title="bbox 221 4059 1320 4142; baseline -0.001 -24"><span class='ocrx_word' id='word_1_383' title='bbox 221 4068 329 4135; x_wconf 83' lang='lat' dir='ltr'><strong>merat,</strong></span> <span class='ocrx_word' id='word_1_384' title='bbox 353 4062 540 4122; x_wconf 89' lang='lat' dir='ltr'><strong>Salomonem</strong></span> <span class='ocrx_word' id='word_1_385' title='bbox 558 4082 630 4122; x_wconf 89' lang='lat' dir='ltr'><strong>vero</strong></span> <span class='ocrx_word' id='word_1_386' title='bbox 649 4061 892 4142; x_wconf 85' lang='lat' dir='ltr'><strong>postAbrabami</strong></span> <span class='ocrx_word' id='word_1_387' title='bbox 911 4071 1010 4122; x_wconf 90' lang='lat' dir='ltr'><strong>ortum</strong></span> <span class='ocrx_word' id='word_1_388' title='bbox 1030 4071 1059 4120; x_wconf 88' lang='lat' dir='ltr'><strong>et</strong></span> <span class='ocrx_word' id='word_1_389' title='bbox 1075 4065 1260 4126; x_wconf 85' lang='lat' dir='ltr'><strong>annos980.</strong></span> <span class='ocrx_word' id='word_1_390' title='bbox 1281 4059 1320 4118; x_wconf 87' lang='lat' dir='ltr'><strong>ad</strong></span> 
     </span>
     <span class='ocr_line' id='line_1_44' title="bbox 221 4145 1318 4223; baseline -0.003 -18"><span class='ocrx_word' id='word_1_391' title='bbox 221 4145 337 4223; x_wconf 82' lang='lat' dir='ltr'><strong>regium</strong></span> <span class='ocrx_word' id='word_1_392' title='bbox 356 4146 465 4204; x_wconf 89' lang='lat' dir='ltr'><strong>solium</strong></span> <span class='ocrx_word' id='word_1_393' title='bbox 491 4148 656 4207; x_wconf 86' lang='lat' dir='ltr'><strong>ascendisse</strong></span> <span class='ocrx_word' id='word_1_394' title='bbox 678 4149 786 4221; x_wconf 83' lang='lat' dir='ltr'><strong>refert,</strong></span> <span class='ocrx_word' id='word_1_395' title='bbox 809 4147 903 4206; x_wconf 88' lang='lat' dir='ltr'><strong>idest</strong></span> <span class='ocrx_word' id='word_1_396' title='bbox 926 4147 1065 4206; x_wconf 80' lang='lat' dir='ltr'><strong>emundi</strong></span> <span class='ocrx_word' id='word_1_397' title='bbox 1085 4146 1210 4204; x_wconf 88' lang='lat' dir='ltr'><strong>conditu</strong></span> <span class='ocrx_word' id='word_1_398' title='bbox 1226 4145 1318 4210; x_wconf 84' lang='grc'><strong>4164.</strong></span> 
     </span>
     <span class='ocr_line' id='line_1_45' title="bbox 221 4230 1317 4311; baseline 0.001 -23"><span class='ocrx_word' id='word_1_399' title='bbox 221 4230 299 4289; x_wconf 86' lang='lat' dir='ltr'><strong>udde</strong></span> <span class='ocrx_word' id='word_1_400' title='bbox 312 4230 467 4289; x_wconf 88' lang='lat' dir='ltr'><strong>condendo</strong></span> <span class='ocrx_word' id='word_1_401' title='bbox 481 4233 594 4311; x_wconf 87' lang='lat' dir='ltr'><strong>templo</strong></span> <span class='ocrx_word' id='word_1_402' title='bbox 607 4253 700 4290; x_wconf 88' lang='lat' dir='ltr'><strong>annos</strong></span> <span class='ocrx_word' id='word_1_403' title='bbox 712 4236 741 4297; x_wconf 89' lang='lat'><strong>8.</strong></span> <span class='ocrx_word' id='word_1_404' title='bbox 754 4233 912 4310; x_wconf 86' lang='lat' dir='ltr'><strong>requisitos</strong></span> <span class='ocrx_word' id='word_1_405' title='bbox 920 4231 1130 4292; x_wconf 88' lang='lat' dir='ltr'><strong>adSalomonis</strong></span> <span class='ocrx_word' id='word_1_406' title='bbox 1142 4250 1255 4288; x_wconf 87' lang='lat' dir='ltr'><strong>annum</strong></span> <span class='ocrx_word' id='word_1_407' title='bbox 1268 4236 1317 4295; x_wconf 89' lang='grc'><strong>20.</strong></span> 
     </span>
     <span class='ocr_line' id='line_1_46' title="bbox 186 4313 1376 4396; baseline -0.006 -22"><span class='ocrx_word' id='word_1_408' title='bbox 186 4362 191 4374; x_wconf 86' lang='grc'><em>,</em></span> <span class='ocrx_word' id='word_1_409' title='bbox 222 4313 310 4393; x_wconf 84' lang='lat' dir='ltr'><strong>(eum</strong></span> <span class='ocrx_word' id='word_1_410' title='bbox 329 4314 439 4375; x_wconf 82' lang='lat' dir='ltr'><strong>etenim</strong></span> <span class='ocrx_word' id='word_1_411' title='bbox 464 4327 497 4375; x_wconf 90' lang='lat' dir='ltr'><strong>ut</strong></span> <span class='ocrx_word' id='word_1_412' title='bbox 520 4326 592 4375; x_wconf 90' lang='lat' dir='ltr'><strong>nota</strong></span> <span class='ocrx_word' id='word_1_413' title='bbox 614 4318 752 4395; x_wconf 90' lang='lat' dir='ltr'><strong>superior</strong></span> <span class='ocrx_word' id='word_1_414' title='bbox 772 4318 857 4376; x_wconf 85' lang='lat' dir='ltr'><strong>testis</strong></span> <span class='ocrx_word' id='word_1_415' title='bbox 877 4327 938 4392; x_wconf 86' lang='lat' dir='ltr'><strong>est,</strong></span> <span class='ocrx_word' id='word_1_416' title='bbox 958 4317 1087 4396; x_wconf 88' lang='lat' dir='ltr'><strong>requirit</strong></span> <span class='ocrx_word' id='word_1_417' title='bbox 1107 4316 1209 4375; x_wconf 88' lang='lat' dir='ltr'><strong>aetatis</strong></span> <span class='ocrx_word' id='word_1_418' title='bbox 1229 4315 1319 4388; x_wconf 83' lang='lat' dir='ltr'><strong>rati-o,</strong></span> <span class='ocrx_word' id='word_1_419' title='bbox 1364 4348 1376 4368; x_wconf 80' lang='grc'><strong>.</strong></span> 
     </span>
     <span class='ocr_line' id='line_1_47' title="bbox 222 4395 1321 4484; baseline 0 -27"><span class='ocrx_word' id='word_1_420' title='bbox 222 4418 299 4474; x_wconf 87' lang='lat' dir='ltr'><strong>quse</strong></span> <span class='ocrx_word' id='word_1_421' title='bbox 311 4419 400 4459; x_wconf 84' lang='lat' dir='ltr'><strong>causa</strong></span> <span class='ocrx_word' id='word_1_422' title='bbox 413 4409 504 4461; x_wconf 88' lang='lat' dir='ltr'><strong>estut</strong></span> <span class='ocrx_word' id='word_1_423' title='bbox 518 4399 638 4481; x_wconf 73' lang='grc' dir='ltr'><strong><em>η’ίιιιίας</em></strong></span> <span class='ocrx_word' id='word_1_424' title='bbox 652 4422 714 4460; x_wconf 89' lang='lat' dir='ltr'><strong>uon</strong></span> <span class='ocrx_word' id='word_1_425' title='bbox 731 4403 882 4482; x_wconf 77' lang='grc' dir='ltr'><strong><em>βασιλείας</em></strong></span> <span class='ocrx_word' id='word_1_426' title='bbox 893 4402 944 4462; x_wconf 87' lang='lat' dir='ltr'><strong>hio</strong></span> <span class='ocrx_word' id='word_1_427' title='bbox 955 4403 1069 4462; x_wconf 84' lang='lat' dir='ltr'><strong>lectum</strong></span> <span class='ocrx_word' id='word_1_428' title='bbox 1083 4395 1192 4484; x_wconf 83' lang='lat' dir='ltr'><strong>velim)</strong></span> <span class='ocrx_word' id='word_1_429' title='bbox 1210 4419 1321 4458; x_wconf 90' lang='lat' dir='ltr'><strong>annum</strong></span> 
     </span>
    </p>
   </div>
   <div class='ocr_carea' id='block_1_5' title="bbox 0 0 1562 4959">
    <p class='ocr_par' dir='ltr' id='par_1_6' title="bbox 0 0 1562 4959">
     <span class='ocr_line' id='line_1_48' title="bbox 0 0 1562 4959; baseline 0 0"><span class='ocrx_word' id='word_1_430' title='bbox 0 0 1562 4959; x_wconf 95' lang='lat' dir='ltr'><strong> </strong></span> 
     </span>
    </p>
   </div>
  </div>
 </body>
</html>
