3109 4959
552 437 612 504 ΕΤ
632 437 986 508 ANNO'l'A'l'IONES.
1236 431 1309 504 391
1412 443 1418 467 ’

134 606 137 611 ·
225 592 307 650 olins
321 588 491 672 Apaclrnos
509 595 560 657 56.
577 595 685 671 annis,
709 604 736 652 et
751 594 904 655 mensibus
916 602 946 662 7.
969 592 1090 655 Deinde
1105 593 1245 675 Apopisis
1259 599 1311 673 61.

226 687 255 731 et
268 672 374 732 Ionias
388 677 438 740 50.
456 687 483 734 et
498 697 557 734 uno
572 697 678 736 mense.
699 681 775 738 Post
791 702 891 740 ornnes
901 692 1000 739 autern
1012 681 1104 740 Aesis
1119 685 1172 748 49.
1189 692 1216 739 et
1228 700 1313 739 men·

224 758 308 816 sibus
325 756 453 820 duobus.
481 762 572 840 lieger
588 781 713 822 numero
733 785 837 844 peres,
859 767 962 826 iisdem
978 766 1040 826 lere
1054 765 1109 826 sub
1129 766 1311 840 nominibus,

223 853 253 901 et
267 843 318 929 pix
335 843 463 922 impares
477 855 572 905 oetste
592 848 726 908 referunt
739 851 897 909 Africanos
917 870 954 910 ex
968 849 1162 927 Manethone,
1187 859 1217 908 et
1232 849 1312 930 opud

223 925 382 1005 losephum
408 931 472 1006 ipse
505 929 680 990 Manethon:
715 935 857 1014 quocirca
886 935 924 994 ‹le
952 934 1055 994 iisdem
1079 945 1239 1012 utrumque
1260 935 1311 994 lo-

191 1037 193 1042 *
223 1012 275 1089 qui
298 1011 382 1070 nullo
408 1025 543 1092 superest
559 1016 711 1076 dubitandi
739 1039 835 1078 croso.
876 1019 956 1079 desis
977 1019 1101 1098 insuper
1118 1019 1238 1077 nomine
1260 1017 1313 1077 ul-

221 1098 313 1154 timus
337 1096 473 1156 clarescit
494 1100 573 1178 opud
591 1101 811 1179 l'lonctlronem,
841 1124 928 1182 quem
944 1114 1032 1163 vocet
1049 1101 1168 1162 Author
1179 1096 1312 1182 Ἀσσῆθτ

223 1178 309 1238 cuius
324 1189 420 1238 tsmm
435 1203 553 1240 causum
569 1204 631 1242 uno
649 1208 709 1246 non
725 1199 882 1268 promovet
904 1208 967 1247 esse
987 1188 1068 1248 Assio
1088 1187 1159 1261 ille,
1182 1207 1251 1245 cum
1273 1185 1313 1245 ad

222 1263 381 1342 Oyrnrtise
393 1269 541 1326 senarium
556 1289 657 1345 regum
671 1293 825 1332 nunserom
841 1273 877 1330 ab
890 1274 1030 1332 Africano
1044 1271 1222 1350 productum
1236 1270 1314 1330 nibil

222 1349 327 1424 addet,
347 1368 432 1408 neco
448 1351 621 1412 Murretlrone
644 1356 758 1432 primus
773 1356 925 1435 sequentis
939 1356 1116 1433 llynostise,
1138 1356 1220 1434 quod
1241 1375 1313 1412 cou-

221 1433 318 1493 tendit
332 1433 467 1501 Author.
487 1447 713 1514 percenseatur:
736 1440 811 1517 nisi,
833 1441 916 1520 quod
929 1441 1059 1518 suggerit
1072 1439 1229 1517 Georgius.
1242 1458 1314 1500 suos

222 1518 340 1578 codices
353 1520 440 1579 aliter
454 1521 593 1580 exhibere
606 1523 747 1583 bllirmst.
1251 1560 1252 1563 ¹

306 1599 481 1685 Σύγχρονοα
492 1605 629 1680 Μωσέως
645 1607 738 1682 δεῖξαι
748 1606 890 1686 Κέκροπα
902 1602 1113 1685 ἐπειγόμενος]
1132 1605 1216 1680 Quoe
1227 1625 1315 1686 prse-

221 1685 310 1764 cipun
331 1688 390 1746 soit
413 1691 446 1747 iu
466 1689 637 1751 Clrronicon
658 1693 728 1752 libri
751 1691 924 1772 posterioris
945 1691 1050 1748 limine
1073 1689 1194 1749 Eusebii
1221 1709 1313 1766 mens,

221 1779 256 1826 ot
275 1771 336 1828 eius
361 1773 450 1828 verbo
467 1785 581 1834 sonnut.
623 1777 816 1856 Quapropter
828 1775 955 1850 ingenue
970 1773 1108 1852 Scaliger.
1137 1776 1227 1832 llaec
1240 1777 1314 1854 qui-

220 1851 287 1910 dem
299 1873 365 1912 vere
378 1855 484 1912 obiecit
500 1860 659 1935 Georgius.
737 1867 742 1915 ,ἰ
890 1887 898 1902 .

303 1939 372 2015 Peg·
393 1941 445 2004 64.
469 1942 511 2015 Ei
531 1939 564 2002 δὲ
585 1935 732 2022 ἀναφέροι
752 1940 819 2020 ne]
849 1941 979 2019 Scaliger
1001 1960 1038 2000 ex
1055 1940 1196 2000 Africano
1220 1941 1314 2000 refert

219 2021 294 2080 beec
309 2021 377 2081 Not.
392 2043 458 2103 pag.
475 2031 525 2091 20.
537 2046 599 2084 non
613 2027 649 2084 ob
666 2019 788 2106 Ogygo,
810 2026 863 2086 sed
876 2048 894 2085 s
908 2027 972 2086 lilio
985 2025 1139 2102 Eleusine,
1161 2025 1313 2085 conditam
1418 2066 1421 2069 -

219 2106 389 2168 Eleusinem
405 2108 670 2174 demonstraturus.
1061 2146 1064 2149 ·

306 2195 474 2272 Μοῖραιοῦ
484 2196 691 2276 Alyonrrenmi
703 2198 853 2276 montom]
867 2195 993 2274 Repono
1006 2193 1199 2254 emendatius.
1222 2197 1312 2273 μοῖρα

220 2279 276 2338 τοῦ
289 2277 500 2358 Αἰγαπιιαιοῦ
515 2285 642 2360 στρατοῦ
659 2280 796 2356 ἐξέπεσεν
814 2274 991 2362 Alpinroo·
1013 2277 1098 2342 ditos
1112 2277 1145 2341 di
1158 2278 1192 2341 ie
1205 2282 1244 2363 τῇ
1257 2286 1312 2339 etc.

220 2360 288 2434 vol,
310 2365 400 2442 μοῖρα
417 2367 472 2424 τοῦ
491 2365 700 2445 As'yonrmnosi
705 2368 842 2445 repertori
858 2362 970 2446 ἔφυγεν
988 2363 1020 2440 ἐξ
1037 2358 1210 2446 Αἰγύπτου·
1232 2363 1263 2424 οἳ
1279 2359 1314 2424 ἐν
1351 2392 1353 2395 ·

219 2447 258 2530 τῇ
273 2447 460 2532 Παλαιστίνῃ
476 2458 531 2506 etc.

304 2528 373 2604 Peg·
394 2535 446 2596 65.
472 2527 593 2594 Ου’κοῦν
608 2537 670 2595 τοῖν
683 2559 712 2618 ,α
726 2533 777 2595 καὶ
789 2528 825 2595 α’.
842 2531 939 2612 ἐτοῖν]
960 2530 1090 2592 Africani
1109 2539 1154 2589 est
1172 2547 1329 2607 praeseus-

221 2620 377 2692 computus
386 2657 394 2688 ‚
418 2623 450 2673 ot
473 2626 536 2674 tum
554 2620 705 2696 sequentia
720 2629 785 2676 tom
802 2617 960 2696 praemisso
975 2637 1040 2696 pag.
1056 2618 1108 2681 65.
1123 2616 1153 2674 C.
1169 2614 1312 2672 iudicant.

221 2697 340 2758 Authm·
354 2697 390 2754 ab
406 2699 569 2759 israelitico
585 2703 772 2780 proiectione
793 2723 870 2761 enno
889 2705 983 2767 3816.
1008 2701 1180 2775 consignate
1194 2699 1232 2756 od
1245 2697 1312 2776 pri·
1372 2737 1374 2739 »

220 2803 299 2841 msm
308 2782 513 2862 Olympiadem
528 2787 565 2842 ml
579 2806 690 2844 annsrm
702 2789 795 2850 4726.
809 2786 898 2844 lixam
914 2786 994 2843 solos
1009 2789 1080 2848 910.
1094 2803 1187 2839 onnos
1204 2800 1311 2840 nume-

220 2877 277 2927 rot.
301 2869 425 2926 Centum
441 2868 530 2946 igitur
543 2879 572 2927 et
585 2870 839 2928 decemonnorum
853 2869 939 2926 unius
951 2868 988 2925 od
1003 2868 1128 2924 ultorum
1145 2875 1188 2923 cst
1201 2864 1312 2923 discri-
1368 2919 1371 2924 ,

221 2971 307 3009 men:
334 2962 457 3031 uterque
470 2953 541 3012 licet
556 2953 593 3010 ob
612 2956 713 3012 eodem
728 2954 832 3012 mundi
847 2973 925 3010 anno
937 2961 1089 3011 recenseat
1111 2949 1313 3028 Olympiades.
1360 2969 1363 2973 ·

220 3035 260 3094 m
272 3053 347 3119 quos
366 3047 434 3095 sote
452 3037 599 3098 Abrohom
616 3049 645 3098 et
659 3040 781 3118 Moysen
795 3037 906 3096 caium
920 3036 1033 3095 iuniori
1054 3036 1198 3112 Georgius
1211 3030 1314 3094 rroeter
1372 3041 1377 3054 ²

223 3127 341 3177 centum
360 3128 389 3175 et
406 3123 526 3194 triginta
544 3124 659 3198 tribuit,
681 3124 737 3181 lros
752 3122 869 3180 nonnisi
886 3131 968 3181 retro
982 3121 1112 3199 Moysen
1122 3128 1209 3198 putot
1219 3137 1314 3176 annos
1389 3159 1391 3165 ι

221 3203 389 3262 Africanus.
430 3204 509 3262 llinc
532 3217 651 3264 centum
668 3218 696 3264 et
710 3207 812 3264 decem
833 3207 918 3264 anuis
935 3225 1023 3282 quam
1040 3200 1128 3280 'apud
1150 3201 1313 3259 Aotlrorem

220 3287 299 3366 logos
322 3286 450 3366 priorem
466 3289 569 3346 stotoit
589 3290 705 3348 lsrselis
724 3289 853 3360 exitum,
874 3309 892 3344 s
911 3307 971 3364 quo
990 3285 1116 3365 proinde
1131 3286 1169 3343 od
1185 3288 1312 3366 primam

222 3371 428 3453 Olympiadem
443 3371 523 3430 mille
539 3379 569 3429 et
582 3372 689 3452 viginti
706 3369 902 3447 requiruntur
917 3370 998 3430 unni.
1027 3369 1111 3428 Alios
1124 3369 1232 3447 viginti
1249 3369 1313 3426 Csi-

221 3477 284 3518 uun
310 3461 403 3515 runos
430 3477 487 3536 qus
515 3457 655 3518 mctlrodo
679 3465 850 3534 compenset
875 3454 1044 3533 Africonns'
1060 3453 1166 3513 scribit
1194 3452 1312 3519 Author

221 3563 288 3622 psg.
307 3547 358 3608 79.
381 3542 417 3601 ll.
438 3552 471 3602 ut
493 3539 567 3600 boec
593 3543 701 3622 legenti
728 3539 933 3600 manilestiors
954 3539 1029 3598 lisnt
1053 3539 1175 3598 omnino
1199 3558 1312 3599 como·

221 3628 339 3687 lendus.
721 3683 722 3686 ,

306 3713 374 3788 rag.
391 3716 443 3777 66.
462 3706 561 3784 ’Όςτις
575 3704 647 3772 noel
662 3700 706 3770 oio
720 3703 820 3792 siurim]
837 3708 924 3789 impii
937 3705 1095 3787 Porphyrii
1113 3725 1221 3766 nomen
1237 3723 1312 3786 pro·
1388 3757 1391 3761 .

222 3793 386 3855 ditbotisra
400 3795 496 3854 versio
515 3793 698 3872 Hieronymi.
1061 3809 1064 3812 ·
1152 3791 1154 3794 ’
1177 3816 1178 3819 ’

304 3873 438 3961 Ἀβραᾶμ
459 3882 610 3942 Χαλδαῖοι
633 3874 687 3958 μὲν
712 3874 764 3943 τὸν
785 3871 910 3960 pinon]-
931 3874 1062 3955 Scaliger
1082 3873 1151 3933 Not.
1172 3891 1239 3951 pag.
1261 3876 1315 3938 12.

222 3963 272 4020 De
291 3964 481 4022 Putrinrclra
501 3964 695 4038 Abrabamo,
717 3964 832 4043 inquit,
854 3960 955 4019 multa
976 3961 1078 4017 omisit
1100 3960 1313 4036 Hieronymus,
1407 4014 1409 4017 .

223 4066 301 4126 quoe
320 4051 355 4104 in
371 4051 496 4108 (leaenis
510 4050 669 4129 leguntur:
690 4044 745 4111 edo
763 4043 897 4128 Ἀβρααμ
912 4046 1065 4106 Χαλδαῖοι
1079 4039 1133 4121 μὲν
1152 4039 1204 4104 τιὶτ-Ι
1216 4039 1312 4122 γένος,
1397 4078 1399 4082 ,

223 4127 320 4203 ditor
336 4129 370 4192 di
388 4129 485 4214 ἄνδρα
502 4137 647 4212 θεοφιλῆ,
669 4131 721 4194 nel
735 4137 855 4212 πρῶτον
869 4126 920 4192 rio
935 4121 1009 4208 παρ’
1025 4126 1174 4208 Ἑβραίοις
1188 4148 1310 4202 προφη-

222 4219 283 4278 τῶν
295 4208 373 4278 εἶναι
390 4218 634 4298 πεπιστευμένον.
657 4217 732 4276 lineo
744 4227 820 4275 certe
834 4213 999 4273 omittenda
1019 4233 1079 4269 non
1093 4219 1188 4269 erant.
1201 4210 1312 4282 Ouin-
1368 4243 1370 4246 <

225 4299 397 4359 immotum
422 4300 641 4380 inverecundus
662 4321 731 4380 ergs
756 4300 1024 4361 sanctoml’etrem
1049 4296 1216 4356 versionem
1237 4312 1321 4354 conr
1371 4340 1374 4348 .

227 4385 393 4446 einnsntem
408 4383 537 4446 insultus
555 4389 651 4451 lueret
668 4386 817 4468 scaligero
831 4380 1117 4466 praetermittendus.
1160 4380 1274 4455 Quem,
1293 4399 1312 4434 ο
