3109 4959
231 348 256 419 6
608 353 648 422 G.
669 351 710 419 G.
731 347 936 421 BREDOVII

231 510 336 571 ninum
353 507 589 587 Heliogabalum,
613 510 757 588 Georgius
776 508 933 587 syncellus
953 507 1159 571 Alexandrum
1169 509 1319 586 Severum,

231 594 416 675 Heliogabali
436 612 650 669 successorem,
682 594 768 653 dicit.
796 598 846 641 ·-⁴
869 593 952 672 Opus
982 594 1044 653 eins
1066 592 1320 673 chronologicum,

233 679 363 759 quinque
379 679 578 739 voluminibus
595 680 788 755 distinctim,
808 678 918 737 iniuria
932 686 1100 757 temporum
1114 680 1245 758 interiit,
1265 700 1323 739 ne-

233 784 291 843 qua
311 764 408 823 adhuc
423 766 611 825 eruditorum
627 764 732 842 aliquia
753 763 961 823 collectionem
975 764 1207 840 fragmentorum
1220 767 1322 845 pote-

233 849 293 925 cit,
316 871 405 927 quam
416 849 559 929 Iosephus
576 850 705 927 Scaliger
719 848 843 928 incepit.
886 848 1052 925 „concisus
1065 849 1185 927 quidem
1202 859 1263 923 est,
1284 849 1329 917 de,

231 934 372 994 Africano
394 932 517 994 Photius
538 935 641 994 scribit
656 936 689 993 in
712 933 897 993 bibliotheca
916 953 981 1012 pag.
999 937 1039 1001 19
1053 931 1082 1015 §.
1100 938 1159 1005 843
1181 932 1258 992 nihil
1271 944 1323 993 ta-

232 1040 301 1079 men
328 1018 448 1098 cognitu
466 1019 661 1079 necessarium
682 1014 804 1078 omittit.
852 1017 962 1098 Incipit
986 1041 1004 1077 a
1027 1018 1155 1079 blossica
1177 1018 1324 1081 creatione

233 1104 352 1178 mundi,
374 1113 405 1164 et
422 1104 576 1163 descendit
595 1124 689 1183 usque
711 1102 821 1163 Christi
843 1104 1013 1162 adventum.
1054 1103 1212 1163 Succincte
1225 1111 1324 1163 tamen

233 1189 367 1268 excerpit
391 1208 509 1267 quoque
529 1200 608 1268 gestu
619 1191 678 1247 iam
692 1188 764 1250 inde
779 1209 797 1247 a
811 1188 923 1247 Christi
934 1198 1029 1248 aetate
1041 1209 1136 1269 usque
1147 1188 1186 1247 ad
1199 1188 1325 1248 blacrini

233 1272 425 1353 Imperatoris
439 1275 565 1333 Romani
579 1275 752 1355 imperium,
772 1294 834 1352 quo
847 1282 998 1354 tempore,
1019 1274 1064 1334 uti
1078 1274 1142 1353 ipse
1154 1274 1244 1349 dicit,
1263 1269 1326 1332 boo

234 1358 404 1418 chronicon
419 1357 585 1419 absolutum
599 1369 660 1435 est,
680 1357 837 1419 continens
856 1358 1011 1438 quinquies
1029 1359 1111 1419 mille
1123 1358 1325 1438 septingentos

234 1454 264 1502 at
283 1442 389 1521 viginti
403 1451 463 1503 tres
478 1446 598 1504 annos.’'
640 1442 721 1504 Haec
739 1444 829 1503 verba
842 1452 872 1502 et
887 1443 967 1503 inter
985 1463 1017 1503 se
1037 1452 1067 1503 et
1084 1464 1154 1504 cum
1168 1452 1236 1501 ante
1250 1441 1325 1501 cita.

231 1528 271 1587 tis
289 1526 408 1603 Georgii
421 1527 518 1587 nostri
532 1528 663 1605 syncelli
675 1548 808 1607 pugnare
822 1528 980 1588 videntur:
993 1528 1145 1589 Macrinus
1160 1528 1324 1588 euimauno
1390 1564 1396 1570 ·

232 1612 337 1671 usundi
360 1612 444 1677 5720
463 1630 479 1671 e
500 1612 722 1692 computatione
738 1612 873 1671 Africani
895 1612 925 1692 (e
940 1613 1075 1692 Dionysii
1089 1615 1185 1686 5718)
1199 1612 1325 1672 interiit.

224 1693 367 1757 'Fortasse
386 1715 458 1756 vero
476 1716 575 1776 pugna
595 1706 711 1755 tautum
734 1717 773 1755 ex
793 1697 911 1755 incuria
928 1696 1026 1757 Photii
1040 1708 1094 1760 est.
1136 1697 1325 1776 Quamquam

233 1782 310 1841 enim
326 1780 497 1840 chronicon
512 1780 571 1839 iam
584 1781 618 1839 in
635 1783 719 1840 obitu
730 1780 857 1840 Macrini
869 1780 989 1841 finitum
1001 1791 1073 1857 erat,
1092 1790 1192 1840 tanim
1207 1782 1325 1841 Africa·

231 1887 297 1940 nus,
311 1868 363 1946 qui
378 1865 528 1925 Antonino
541 1866 733 1945 Heliogabalo
744 1876 888 1946 regnante
896 1866 1069 1926 Chronicon
1080 1865 1211 1947 scripsit,
1225 1866 1325 1926 dicere

232 1953 345 2032 potuit:
367 1952 512 2029 usquead
532 1972 626 2009 meam
649 1960 772 2011 aetatem
794 1960 867 2010 aunt
888 1951 960 2010 anni
972 1954 1065 2019 5723.
1087 1985 1130 1997 -
1151 1952 1212 2011 Iam
1227 1971 1266 2011 ex
1278 1951 1326 2009 his

232 2036 308 2095 lucis
334 2035 454 2112 Georgii
475 2045 506 2093 ct
531 2035 628 2095 Photii
649 2045 790 2115 apparet,
811 2036 930 2094 lulium·
943 2036 1117 2097 Africanum
1141 2038 1327 2093 corrutione

234 2118 343 2177 iterandi
357 2140 453 2196 usque
467 2118 512 2177 ud
522 2140 635 2179 anunm
644 2122 781 2199 primum
790 2118 906 2177 Christi
921 2123 1081 2198 quinquies
1091 2122 1174 2179 mille
1188 2140 1226 2176 ac
1239 2120 1327 2197 quire·

230 2214 451 2285 gonterannus
471 2204 639 2283 collegisse,
661 2222 750 2283 quem
770 2223 927 2263 numerum
945 2213 1049 2283 postea
1065 2205 1165 2285 plures
1178 2203 1327 2282 Byzanti·-

233 2308 343 2349 uorum
362 2287 543 2368 scriptorum
563 2308 714 2369 accepere.
766 2287 911 2348 Goucisus
936 2288 1055 2367 quidem
1079 2290 1153 2349 suit:
1181 2309 1275 2348 annos
1297 2295 1328 2347 et

234 2374 313 2434 sacta
326 2373 365 2433 ad
379 2373 501 2433 modum
513 2382 681 2434 nostrarum
696 2371 866 2434 tabularum
876 2372 1184 2454 synchronistiearum
1196 2374 1329 2434 breviter

233 2468 351 2519 tantum
371 2457 544 2538 descripsit,
565 2458 610 2519 uti
628 2460 792 2538 fragmenta
810 2478 930 2539 qnoque
944 2458 1067 2531 docent,
1078 2478 1166 2537 „quae
1178 2457 1215 2518 de
1228 2459 1328 2537 Aegy-

232 2544 365 2624 ptiarum
386 2542 588 2623 dynastiarum
609 2554 696 2624 atque
722 2544 911 2623 Assyriorum
938 2545 1161 2603 enumeratione
1182 2542 1328 2620 Georgius

234 2629 392 2709 Syncellus
404 2628 491 2688 rrobia
503 2630 643 2691 servavit.
685 2631 806 2689 Summo
819 2648 892 2688 vero
906 2628 1007 2687 studio
1022 2632 1122 2686 omnia
1135 2626 1328 2704 antiquorum

233 2713 415 2792 scriptorum
434 2725 626 2775 monumenta
637 2722 841 2794 perscrutatus
856 2720 938 2786 erat,
959 2732 1022 2769 uon
1037 2711 1133 2769 solum
1147 2712 1328 2771 Graecorum

152 2830 154 2836 ·
232 2808 264 2871 et
279 2800 490 2874 Romanorum,
511 2820 618 2859 verum
632 2799 721 2857 etiam
735 2796 876 2877 inprimis
892 2793 1108 2875 Aegyptiorum
1119 2803 1148 2854 et
1163 2795 1328 2856 Chaldaeo·

231 2901 316 2958 rum,
345 2881 399 2962 qni
428 2883 571 2959 originem
599 2903 682 2942 auam
709 2881 742 2939 in
764 2890 926 2941 extremam
945 2880 1151 2959 antiquitatem
1172 2898 1327 2943 removere

232 2967 401 3027 studebant.
449 2967 571 3045 (Videas
593 2968 792 3045 fragmentum
818 2984 857 3025 ex
878 2963 1012 3025 Africani
1041 2963 1266 3045 chronologicis
1292 2966 1327 3025 in

232 3049 350 3111 Eusebii
371 3052 595 3132 Praeparatione
607 3052 785 3129 Euangeliou
797 3049 866 3111 libr.
878 3051 917 3108 X.
932 3071 997 3131 cap.
1016 3051 1081 3126 10).
1104 3052 1153 3128 1Εῐ
1168 3051 1250 3131 quod
1264 3070 1328 3109 ma·

233 3134 314 3193 xime
334 3136 516 3197 laudandum
540 3158 602 3197 esse
625 3137 761 3197 videtur:
780 3140 902 3215 primus
921 3136 980 3195 fuit
992 3136 1167 3212 Africanus,
1190 3134 1243 3215 qui
1258 3134 1328 3194 eli·

232 3218 357 3277 brorum
382 3240 533 3279 sacrorum
549 3222 686 3281 versione
704 3241 809 3299 graeca
830 3241 865 3280 ac
882 3219 1004 3280 caeteris
1018 3219 1204 3302 antiquitatis
1214 3237 1328 3279 monu-

231 3303 342 3372 mentis
372 3322 497 3363 canones
527 3302 753 3382 chronologicos
777 3306 942 3365 contexuit.
990 3306 1066 3367 Nem
1090 3305 1143 3386 qui
1162 3313 1233 3385 post
1250 3321 1328 3363 ,cum

232 3387 449 3465 Chronologica
463 3387 618 3468 scripsere,
643 3409 744 3449 omnes
760 3388 822 3449 eius
836 3390 960 3468 vestigia
974 3390 1094 3470 sequuti
1106 3398 1176 3450 suut
1193 3387 1277 3461 adeo,
1291 3391 1328 3444 nt

230 3472 332 3551 ipsum
358 3472 527 3548 Eusebium
548 3492 636 3533 suum
657 3473 799 3553 Iosephus
823 3475 953 3553 Scaliger
983 3485 1082 3539 totum
1102 3469 1239 3538 dirimi
1264 3470 1327 3531 sm

232 3554 415 3618 Chronicum
429 3558 462 3616 in
476 3577 563 3617 suum
575 3559 811 3639 transscripsisse
824 3559 978 3637 largiatur.

316 3642 465 3701 Eusebius
477 3642 574 3720 euim,
595 3644 742 3723 Pamphili
754 3644 895 3724 Martyris
911 3639 1147 3714 contubernalis,
1168 3637 1326 3701 Caesareae

232 3722 414 3785 Palaestinae
429 3726 596 3807 episcopus,
619 3738 739 3788 centum
752 3728 838 3787 annis
846 3738 923 3807 ¹post
936 3727 1111 3787 Africanum
1125 3723 1218 3785 libros
1230 3722 1325 3785 chm-

232 3807 386 3885 nologicos
401 3810 528 3887 scripsit,
551 3812 728 3869 screatione
747 3811 852 3870 mnndi
866 3829 962 3887 usqne
978 3808 1016 3868 ad
1028 3827 1140 3867 aunum
1152 3808 1325 3887 vigesimum

233 3892 419 3953 Constantini
436 3893 550 3970 Magni,
572 3893 625 3971 qni
638 3902 684 3951 est
699 3912 796 3951 annus
808 3892 922 3951 Christi
934 3895 1007 3959 827.
1048 3891 1168 3970 (Enssb.
1184 3892 1324 3955 chronic.
1410 3965 1420 3974 ,

231 3978 330 4039 versio
350 3978 404 4036 lat.
419 3996 450 4054 p.
468 3976 553 4047 181).
582 3976 721 4035 Pluribus
735 3976 773 4035 de
789 3974 847 4035 hoc
862 3975 1027 4037 Eusebiauo
1040 3977 1186 4041 Chronico
1199 3979 1260 4058 egit
1270 3978 1324 4038 Io·
1372 4042 1375 4050 ,

181 4101 190 4125 r
232 4062 342 4142 sophus
356 4061 487 4138 Scaliger
500 4060 533 4119 in
546 4060 776 4139 Prolegomenis,
797 4078 815 4119 a
830 4059 939 4138 quibus
954 4061 1064 4141 passim
1075 4065 1220 4125 nonnulla
1234 4062 1324 4123 nobis

234 4147 391 4208 'commoda
411 4164 569 4226 excerpere
586 4142 699 4207 licebit.
740 4144 902 4223 Quamvis,
924 4146 983 4224 ait,
1003 4146 1257 4209 nibilinEusebii
1274 4167 1325 4207 ca·

233 4250 313 4291 none
332 4229 519 4311 antiquitatis
537 4230 709 4291 reconditae
724 4230 778 4305 sit,
800 4228 883 4311 quod
901 4251 965 4293 non
979 4231 1016 4293 ab
1029 4232 1169 4311 Africano
1182 4230 1324 4309 benamu,

235 4326 265 4377 et
279 4317 414 4397 quamvis
434 4314 551 4398 saepius
571 4314 605 4377 in
623 4314 758 4379 Africani
778 4315 927 4379 sententia
938 4318 1095 4381 ratumnda
1112 4315 1232 4381 Eusebii
1247 4320 1325 4399 pru-¹
