3109 4959
536 443 597 516 ΕΤ
613 446 970 526 ANNOTATlONES.
1225 441 1302 516 889

215 598 339 666 iniuria:
367 560 430 663 non
449 601 610 662 Euaebiam
631 604 710 666 enim
732 603 822 666 modo
845 625 911 685 pag.
928 608 981 672 69.
999 603 1053 665 ted
1073 613 1103 666 et
1126 602 1301 668 Africanum

214 709 279 770 pag.
296 706 356 767 seq.
372 687 404 750 B.
419 697 450 747 et
463 691 515 753 70.
533 686 568 749 Δ.
583 687 621 747 ‹le
640 689 910 771 Amori-acripaiaae
924 689 1069 767 Georgiua
1086 689 1152 771 ipae
1165 699 1300 752 testatur.

213 771 292 833 llaec
310 791 400 851 porro
423 771 556 832 Africani
568 770 693 834 totidem
715 773 815 837 verbio
834 783 955 836 exarata
972 785 1174 856 repraesentat
1190 777 1300 838 iterum

212 855 714 1023 Anthiiig'iigiiiiiiafflemrimrn]
735 941 816 1003 ilaec
832 941 965 1004 Africani
979 941 1079 1004 rerba.

275 1021 345 1096 ,Ὦς
360 1019 393 1086 d’
407 1021 431 1102 al
444 1030 581 1105 παροῦσα
598 1026 729 1107 dileco]
759 1029 833 1086 Cum
849 1028 914 1087 irtio
933 1027 1047 1087 Ameria
1066 1026 1154 1089 aneia
1173 1046 1299 1109 eompa-

209 1107 303 1170 randa
320 1108 430 1187 Moyaia
446 1109 584 1171 iuvenilis
601 1121 679 1171 aetna
693 1112 725 1170 in
742 1112 851 1170 tubulis
869 1111 1100 1188 Chronologieia.

290 1185 543 1274 Ὦκτωκαιδεκᾶτη
558 1194 736 1275 δυναστεῖαι]
751 1196 879 1272 Scaliger
891 1195 924 1254 in
937 1194 1010 1254 hace
1022 1195 1158 1256 Animad.
1170 1214 1236 1274 pag.
1246 1197 1299 1261 26.

210 1277 301 1335 llecte
313 1275 434 1356 quidem
450 1279 483 1336 in
499 1278 557 1337 lior
570 1279 736 1338 Eusebium
749 1277 937 1358 reprehendit
958 1279 1112 1358 Georgiua.
1154 1280 1193 1338 Et
1209 1277 1297 1339 inira.

208 1359 295 1419 llanc
307 1360 414 1420 etenim
429 1361 601 1440 Dynaetiam
621 1365 747 1444 pessimo
768 1365 923 1445 exemplo,
944 1383 1039 1442 nequa
1057 1363 1204 1439 religioaia
1219 1362 1299 1424 teri·

207 1445 345 1524 ptoribua
357 1444 501 1504 imitando
518 1448 693 1508 deformavit
710 1449 869 1527 Eusebius,
889 1458 925 1508 ut
939 1467 1002 1508 mm
1023 1447 1188 1524 Mancino,
1200 1448 1230 1505 ai
1245 1466 1298 1507 re·

208 1529 352 1604 viviscat,
370 1550 432 1587 aion
451 1533 546 1609 poerit
558 1552 726 1610 agnoscere.

293 1608 462 1677 Κᾶνταῦθα
484 1610 541 1678 δύο
560 1618 690 1698 βασιλεῖς
712 1615 732 1679 o‘
752 1609 902 1696 Εὕσιβιος
920 1611 1139 1697 reginorum]
1168 1610 1298 1689 Frivola,

207 1703 243 1754 ut
268 1698 388 1776 quidem
407 1699 541 1776 videtur,
572 1701 733 1779 Georgium
762 1710 902 1760 nostrum
926 1699 1044 1778 impetit
1066 1697 1198 1775 Scaliger
1222 1697 1294 1759 Not.

206 1801 274 1858 pag.
290 1786 341 1847 81.
364 1783 431 1862 Ipoe
443 1805 563 1864 quoque
578 1782 739 1866 Georgius,
761 1783 835 1841 dum
850 1783 1015 1840 Eusebium
1030 1784 1215 1855 insectatur,
1232 1783 1298 1839 irra-

202 1864 340 1941 prudonr
352 1869 570 1946 reprehensioni
580 1889 611 1925 ee
623 1891 654 1925 ee
666 1870 769 1924 obiicit
782 1868 907 1943 loquerer
919 1863 957 1922 de
972 1868 1020 1928 18.
1037 1864 1200 1945 Dynoetiei,
1217 1862 1296 1922 dicit

208 1951 372 2008 Eusebium
387 1948 463 2006 eleroe
478 1971 560 2025 rogeo
580 1971 614 2008 ex
627 1950 851 2020 iracDrnoetia
864 1949 1038 2011 curtulieee.
1055 1949 1229 2026 Africanus
1244 1955 1294 2017 16.

205 2043 331 2090 retentet
353 2031 431 2112 (pag.
445 2031 584 2094 nimirum
597 2041 650 2101 72.
666 2033 711 2114 Β.)
734 2032 859 2090 totidem
876 2032 1030 2092 Eueelriue
1049 2031 1127 2114 (pag.
1142 2039 1194 2100 72.
1213 2033 1245 2090 Ι).
1263 2043 1295 2093 et

205 2119 256 2180 78.
265 2115 323 2196 Α.)
334 2137 395 2174 raon
412 2120 510 2194 igitur
524 2121 696 2194 mutilavit,
717 2115 771 2176 red
784 2118 865 2176 alios
878 2115 1003 2184 totidem
1015 2139 1074 2197 pro
1087 2121 1166 2177 reris
1177 2137 1293 2196 ruppe-

205 2202 277 2262 rute.
322 2199 436 2278 Ecquid
458 2198 560 2279 aliud,
585 2203 634 2263 vir
656 2200 785 2278 erudite,
814 2202 956 2280 Georgiua
978 2203 1125 2281 opposuit
1138 2201 1292 2261 Euaebioi>

204 2282 414 2366 παρέκρυψεν,
443 2305 504 2344 non
527 2295 563 2345 ut
585 2287 685 2367 priua,
714 2279 916 2366 ἐκολόβωσεν,
944 2285 1054 2344 obiecit
1074 2285 1139 2361 ille,
1165 2283 1226 2344 hoe
1247 2294 1293 2346 eat

205 2369 385 2444 occultavit,
407 2377 437 2426 et
457 2390 532 2448 quoa
554 2368 604 2429 hic
625 2371 727 2429 aeltem
740 2388 910 2446 recensere,
931 2379 961 2429 et
981 2368 1043 2430 hue
1061 2370 1222 2429 transferre
1238 2368 1293 2428 de·

203 2450 512 2533 bueratrrooinovure'o
526 2453 647 2523 omnino
661 2453 773 2515 tacuit:
803 2474 894 2534 quare
914 2473 970 2513 nee
994 2449 1213 2530 hallucinatur,
1234 2472 1292 2512 neo

204 2538 323 2616 eulpam
338 2536 371 2594 in
385 2556 415 2594 ae
431 2538 574 2616 Georgius
589 2539 757 2614 committit,
769 2549 863 2618 prout
873 2538 1003 2616 Scaliger
1013 2538 1170 2598 Animadv.
1180 2538 1291 2619 p.251.

202 2619 315 2682 obiicit.
337 2620 489 2681 Sinceriua
503 2623 599 2683 multo
610 2624 647 2683 de
656 2624 781 2683 Eusebio
797 2623 1047 2703 pronunciaverat
1059 2623 1198 2700 Scaliger.
1220 2621 1291 2679 Nora

197 2716 299 2784 potest
316 2703 380 2763 dici
400 2717 550 2784 quantum
566 2708 626 2766 eibi
637 2711 810 2787 permiserit
824 2708 975 2768 Eusebius
992 2711 1026 2766 in
1038 2707 1097 2765 Irae
1115 2711 1162 2772 18.
1185 2704 1291 2783 Dyrra·
1421 2770 1423 2774 ¹

201 2793 263 2848 etia
275 2789 457 2854 temerando.
480 2791 561 2851 Num
573 2813 635 2850 non
649 2793 750 2849 colum
762 2813 846 2870 reges
859 2795 1104 2864 committi-ociter,
1121 2793 1286 2868 quieteque
1299 2772 1332 2831 V·
1348 2775 1384 2833 2¹

201 2872 288 2951 apud
305 2874 507 2951 Africanum,
534 2895 629 2955 neque
651 2873 739 2955 opud
759 2875 918 2954 Ioaeplrum
932 2885 1048 2948 extaret,
1070 2872 1124 2931 red
1138 2885 1168 2932 et
1185 2893 1291 2932 eorum

199 2977 298 3015 ernroe
319 2961 461 3035 mutilat,
479 2971 508 3018 et
527 2957 672 3036 extendit,
694 2969 730 3017 ut
749 2961 801 3018 illi
815 2961 917 3018 uirum
928 2969 980 3023 ert.
1009 2957 1169 3037 Georgium
1188 2967 1289 3017 tamen

199 3041 356 3100 mordendi
375 3046 527 3122 prurigine
545 3045 739 3119 sollicitetur,
767 3043 881 3106 subdit.
921 3047 1083 3102 Praeterea
1107 3040 1192 3122 quod
1210 3040 1289 3100 dicit

199 3122 286 3203 apud
295 3124 483 3200 Africanum
495 3130 602 3208 colligi
616 3151 712 3188 ‹ennoe
729 3131 776 3194 18.
791 3131 964 3206 Dymetioe
980 3131 1053 3194 268.
1072 3127 1123 3208 (ex
1138 3145 1204 3206 pag.
1218 3125 1284 3207 72.)

199 3210 394 3285 menifestum
409 3221 451 3266 ert
465 3211 601 3270 codicum
615 3211 773 3288 mendum,
795 3234 865 3271 crem
875 3215 938 3272 rint
952 3217 1023 3278 287.
1039 3210 1127 3291 (datia
1141 3209 1285 3270 nimirum

199 3313 239 3353 ex
253 3291 368 3353 Euaebii
383 3302 413 3352 et
426 3295 549 3372 proprio
565 3295 704 3371 scaligeri
717 3296 924 3374 diagrammate
937 3295 1034 3372 primo
1048 3293 1206 3374 liynaatiae
1221 3293 1285 3372 regi

198 3378 290 3438 Amoa
302 3377 388 3437 annia
402 3381 452 3444 28.
463 3378 513 3437 cui
526 3378 606 3436 aoloa
620 3383 649 3442 4.
664 3379 753 3436 taetra
774 3377 883 3438 tribuit
901 3377 1069 3456 Africanus)
1090 3397 1168 3458 quor
1188 3380 1286 3437 Eme·

199 3462 271 3521 diue
284 3466 370 3522 auxit
383 3464 474 3521 annio
490 3467 541 3538 61.
558 3473 593 3521 ιιι
606 3463 718 3541 eapieut
730 3463 894 3522 intervallo
906 3474 1074 3542 temporum
1084 3484 1223 3524 errorum.
1244 3461 1286 3522 At

199 3566 269 3606 cum
293 3548 450 3607 Africanua
469 3544 558 3605 Amor
577 3547 667 3625 primi
682 3546 757 3624 regie
778 3566 842 3605 nou
860 3549 1045 3608 recensuerit
1063 3567 1174 3619 annea,
1201 3547 1285 3625 quod

198 3631 304 3692 obiicit
319 3632 462 3710 Georgiua
474 3650 540 3711 pag·
554 3635 604 3697 'lli
618 3631 655 3693 B.
669 3628 717 3689 hio
731 3630 847 3692 verbio:
869 3635 926 3695 roei
941 3629 998 3714 yde
1013 3625 1107 3710 ’Λμῶς
1127 3624 1196 3693 odd'
1207 3625 1285 3705 ὅλως

198 3709 282 3778 εἶπεν
295 3716 363 3794 iro:
382 3716 478 3775 errori
493 3714 540 3773 vel
553 3713 723 3774 oeeitantiae
738 3716 879 3797 propriae
890 3715 1023 3797 permisit
1037 3734 1104 3774 eum
1112 3714 1284 3792 adhaerere,

197 3807 228 3857 et
250 3819 289 3858 ex
309 3800 421 3881 privati
442 3800 583 3877 cuiusque
602 3798 679 3877 regia
701 3800 789 3860 annia
812 3821 954 3861 summam
975 3803 1049 3866 263.
1074 3798 1193 3876 collegit
1212 3817 1283 3858 eum

91 3900 110 3928 ··
196 3881 339 3943 Africano
356 3885 459 3944 eodem
473 3903 566 3943 annos
587 3883 702 3944 Ameria
724 3895 856 3962 quatuor
873 3881 1086 3965 supponendoa
1102 3903 1140 3943 ax
1155 3883 1282 3942 aliorum

195 3985 296 4041 regum
318 3989 447 4044 aumma,
474 3987 548 4048 quae
566 3970 637 4036 259.
658 3976 702 4027 eet
716 3989 880 4045 annorum,
904 3967 1098 4045 aignilieante.
1138 3966 1282 4027 Euaebiua

196 4049 303 4111 deinde
312 4072 408 4112 annoa
422 4053 471 4118 85.
486 4051 618 4111 addidit:
639 4052 739 4112 necin
754 4072 879 4114 numero
895 4051 1011 4112 codices
1024 4053 1181 4131 proferunt
1194 4070 1282 4111 men-

196 4136 282 4196 dum:
311 4155 370 4195 nec
393 4137 693 4216 Georgiua-lifricaui
714 4137 892 4197 laterculum
915 4136 1096 4216 interpolare
1115 4135 1281 4211 tenebatur,

195 4220 246 4281 ubi
260 4239 326 4280 euro
344 4240 457 4280 errasse
473 4221 685 4282 contendebat:
707 4221 743 4280 ‹le
758 4221 806 4280 luia
820 4221 930 4280 iterum
945 4221 978 4279 in
1000 4219 1190 4299 aequantibua
1210 4238 1280 4279 cum

196 4304 339 4365 Aethere.
367 4305 463 4364 [restat
482 4306 620 4384 Scaliger.
640 4306 718 4366 Alio
736 4306 847 4366 delirio
863 4308 989 4385 apponit
1007 4307 1173 4385 Georgiut,
1195 4300 1282 4383 qnod

197 4389 287 4450 atine·
300 4391 341 4448 eit
359 4383 471 4471 Ἀμώς,
494 4387 738 4472 ιιιιιιιἍμωσιςε
768 4401 795 4450 ιι
817 4390 947 4471 quidum
967 4411 1018 4448 rex
1035 4383 1165 4469 Ἀισὴθ,
1192 4407 1280 4467 qoem
