3109 4959
534 451 594 519 ET
615 448 969 519 ANNOTATIONES.
1192 436 1267 511 611

176 620 225 673 rat
250 610 393 671 Eusebius
415 608 454 670 sd
478 606 688 689 Olympiadem
704 610 774 674 119.
795 605 919 667 urbibus
941 627 957 665 a
981 593 1374 673 solemnizantium

177 697 268 757 iidem
285 698 428 755 facturus.
471 696 612 752 Seleucus
634 692 850 767 Antiochiam,
870 690 1071 766 Laodiciam,
1092 696 1272 771 Apamiam,

178 780 344 855 Edessam,
365 768 515 839 Berisum
532 790 560 835 et
580 778 702 837 Pellam
723 777 813 835 arbes
833 775 990 837 condidit:
1011 798 1142 855 quartem
1158 778 1273 836 Antio-

179 868 294 952 citiamx
303 872 352 933 12.
369 886 450 923 serino
464 867 551 943 regni
565 867 615 921 sai
628 866 769 937 retraxit.
812 861 1002 939 Antigonisns
1016 871 1113 920 tannen
1126 863 1274 943 scriptum

178 952 308 1032 reperias
325 950 408 1030 prius
430 970 517 1029 quam
535 948 708 1009 Antiochiae
727 967 836 1007 nomen
852 948 1025 1006 sortiretur:
1049 946 1120 1007 vids
1133 948 1173 1007 sd
1187 947 1274 1010 Asiae

177 1057 276 1115 regem
292 1037 472 1113 Antigonum
486 1034 623 1115 superius
636 1036 734 1115 posita
750 1054 817 1113 pag.
832 1036 903 1097 273.
921 1032 953 1093 C.

260 1116 413 1200 Edeoproi
428 1116 499 1193 τούς
513 1114 640 1201 χρόνους
655 1114 824 1201 ἆοιθμοῦσι
838 1112 1013 1195 Σελεύκου]
1035 1116 1116 1175 llaec
1138 1115 1172 1175 in
1185 1125 1274 1175 textu

176 1206 278 1287 potius
293 1226 382 1284 quam
398 1206 432 1264 in
448 1207 581 1281 margine
596 1205 694 1262 sedens
709 1212 875 1283 expetunt,
898 1220 954 1259 ceu
969 1222 1043 1281 quae
1056 1202 1275 1281 Syromacedo-

177 1312 266 1365 num,
289 1286 562 1349 et·Seleucidarum
585 1310 683 1349 seram
705 1297 838 1365 inrigant.
887 1287 993 1346 Graeci
1013 1296 1084 1365 post
1108 1286 1274 1348 Alexandri

178 1376 278 1452 snngssi
302 1373 435 1449 obitum,
456 1392 552 1433 novae
580 1392 664 1433 seme
688 1371 899 1432 instaurandae
927 1372 1043 1430 Seleuci
1064 1392 1190 1449 regnum
1213 1392 1274 1451 quo

178 1461 278 1519 Asiani
302 1458 449 1533 obtinuit,
478 1459 682 1517 observarunt.
725 1458 767 1515 Es
786 1477 859 1516 vero
875 1476 937 1514 ison
957 1456 1055 1537 primo
1066 1457 1275 1532 Macedonum,

177 1545 230 1603 sed
249 1544 427 1601 duodecimo
442 1564 521 1601 asino
536 1543 572 1601 ab
587 1542 749 1601 Alexandri
764 1541 848 1601 obitu
862 1541 953 1619 duait
966 1540 1134 1618 exordium,
1156 1551 1192 1601 ut
1203 1550 1275 1601 nota
1293 1544 1327 1603 V.
1343 1546 1379 1601 63

177 1628 342 1709 penultima
364 1628 499 1705 suggerit.
543 1629 696 1705 Legendus
718 1628 854 1686 Petavius
870 1627 922 1685 lib.
940 1631 990 1692 10.
1010 1627 1047 1686 de
1064 1628 1152 1689 licet.
1171 1628 1275 1709 Temp·

178 1734 244 1791 cap.
257 1715 308 1777 40.
326 1721 356 1771 et
373 1732 454 1790 seqq,
472 1712 643 1771 Clsronicon
655 1712 801 1772 Alexsnd.
816 1732 883 1790 pag.
896 1713 969 1776 400.

254 1792 330 1875 Ἔπη
345 1791 389 1857 ιε’.
410 1797 461 1857 κοιλ
476 1793 690 1876 ἐτελεύτησεν]
712 1794 922 1855 Novemdccim
938 1794 1120 1854 emendatior
1128 1794 1276 1873 Georgius

177 1900 276 1960 nuper
293 1879 430 1959 scripsit:
461 1900 591 1939 errorem
613 1880 706 1940 istum
727 1880 883 1961 proeteriit
903 1878 1033 1957 Scaliger
1054 1888 1156 1939 textus
1170 1879 1277 1941 Euseb.

188 1986 244 2026 rau.
263 1968 314 2030 52.

176 1987 190 2046 l
216 2011 234 2043 ὃ
264 2042 362 2123 Οὗτος
380 2042 557 2128 Ἀθηναίοις
575 2042 738 2127 leodosio]
760 2045 904 2107 Eusebius
926 2046 1059 2108 Latinus.
1100 2048 1278 2130 Demetrias

174 2134 344 2195 Phalereus
363 2132 408 2191 ael
425 2136 635 2191 Ptolemaeum
651 2138 789 2208 veniens,
810 2135 999 2212 impetrarit,
1022 2142 1057 2190 at
1075 2133 1279 2192 Atheniensi-

175 2221 236 2278 bus
251 2221 467 2288 Democrmtia,
488 2216 525 2275 id
538 2230 580 2275 est
590 2220 701 2297 populi
716 2228 856 2297 potestas
868 2216 1049 2276 redderetur.

261 2304 330 2380 l’ssg·
355 2303 426 2368 275.
447 2303 589 2383 Ῥωμαῖος
610 2298 792 2383 Memoria]
821 2301 1065 2363 Emendationesn
1088 2300 1175 2361 iuvat
1197 2300 1278 2361 idem

177 2386 321 2448 Eusebius
335 2386 374 2443 ad
387 2406 499 2444 annum
514 2386 648 2446 Abrahae
660 2391 752 2454 1705.
775 2390 912 2447 Romani
925 2389 1048 2446 Marsos
1059 2398 1088 2445 et
1108 2386 1236 2446 Umbros
1249 2396 1279 2445 et

176 2472 325 2551 Pelignus
338 2480 495 2549 superant.

261 2556 397 2633 Ῥωμαῖοι
424 2552 612 2635 Eupalion]
641 2553 771 2633 Reposui
804 2554 983 2634 Σαμνλτον,
1010 2555 1079 2617 rice
1109 2559 1278 2635 Σαοοιτοῖν.

177 2640 288 2701 Scribit
307 2639 449 2699 Eusebius
464 2640 503 2697 sd
520 2639 640 2717 Olymp.
664 2642 736 2705 115.
767 2636 904 2697 Romani
926 2643 1078 2699 Samnites
1104 2638 1279 2699 diutissime

178 2738 287 2785 eontra
305 2744 336 2783 se
357 2726 547 2803 praeliantes
572 2722 618 2781 asl
641 2723 803 2782 extremam
822 2728 998 2783 servitutem
1017 2722 1171 2802 redigunt.
1197 2730 1279 2786 Σαν·

177 2813 271 2876 elene
289 2811 421 2887 Scaliger
442 2810 569 2884 retinet,
590 2818 654 2867 tum
677 2817 776 2868 textus
797 2829 861 2889 pag.
885 2813 938 2875 53.
957 2818 1020 2869 tum
1041 2811 1110 2868 Not.
1123 2828 1191 2889 pag.
1204 2812 1278 2876 259.

177 2906 210 2957 et
236 2896 419 2976 Καλαβρῶν,
448 2888 582 2975 Ἀράβων
606 2894 676 2953 loeo
697 2892 886 2953 scribendum
910 2894 1040 2953 coniicit.
1068 2890 1117 2970 ed,
1138 2888 1279 2975 ’Λρολβον

178 3000 339 3061 expungo,
361 2998 416 3038 ceu
436 2980 615 3059 superfluam
638 2998 761 3057 vocem,
783 2980 856 3038 elias
878 2980 1027 3040 sindonem
1045 2977 1185 3038 hostilem
1200 2977 1277 3039 mihi

180 3065 332 3141 designat,
355 3082 411 3141 qus
423 3064 508 3123 velut
523 3065 559 3123 ab
577 3064 723 3123 Arabibus
740 3065 934 3143 postmodum
951 3063 1076 3141 Graeci,
1096 3063 1192 3125 siclis
1212 3062 1278 3145 pri-

179 3149 271 3209 mitus
287 3147 412 3206 Ronssni
428 3146 593 3207 diutissime
607 3148 719 3207 suerint
731 3148 841 3211 vexati.

265 3231 298 3295 ‘0
312 3227 466 3313 Σάραπις,
487 3227 510 3312 ἢ
530 3230 548 3294 d
568 3228 725 3313 Ziporea]
747 3234 866 3292 Lubeus
883 3252 953 3293 cum
974 3231 1124 3310 scaligero
1141 3224 1280 3314 Σόρωνος

179 3317 265 3396 lagos
288 3316 447 3377 lectionem
464 3315 573 3417 probet
594 3317 710 3375 suidas.
732 3314 749 3382 ὁ
764 3311 905 3400 Σάραπις
923 3314 1118 3392 adripuisse
1137 3316 1279 3394 leotsieo,

178 3399 237 3483 τήν
258 3400 291 3464 δὲ
312 3396 404 3483 ooodo
421 3424 531 3477 τουτον
552 3405 609 3465 eod
623 3398 764 3477 Ἀπιδος,
784 3402 818 3466 ἐν
832 3394 856 3489 ᾖ
870 3400 905 3467 ed
921 3406 1007 3484 σῶμα
1021 3402 1114 3466 ἔκειτο
1131 3396 1228 3466 odiosi
1246 3402 1281 3467 le

177 3482 387 3573 Ἀλεξανδρείᾳ
406 3481 605 3569 μετήνεγκαν·
627 3486 679 3549 καλ
695 3480 756 3553 siud
775 3492 830 3568 τῆς
844 3491 938 3567 dodosi
953 3486 1006 3551 eal
1017 3484 1146 3565 ’Ἄπιδος
1163 3482 1281 3551 σύνθε-

178 3595 233 3637 τον
255 3570 350 3653 ὄνομα
369 3568 563 3651 πεποιηκότες
582 3567 710 3635 ἐκάλουν
733 3568 828 3637 odedu
855 3568 1001 3656 Σὸραπιν.
1043 3576 1175 3653 Sarapin
1199 3571 1281 3631 idem

179 3660 245 3737 ipse
263 3657 429 3723 uocabatur·
447 3659 543 3737 Apis„
587 3659 741 3717 Loealam
760 3670 877 3731 aretem,
907 3680 968 3739 qao
990 3680 1101 3739 corpas
1121 3656 1281 3717 conditam

170 3746 262 3821 jieit,
290 3741 513 3802 Alexandriam
546 3740 800 3823 deportaverunt.-
831 3756 859 3802 et
881 3765 902 3803 o
922 3766 992 3805 roae
1014 3740 1118 3825 οορός,
1146 3754 1178 3801 et.
1198 3743 1282 3821 Apis

180 3832 345 3907 composita
366 3830 503 3905 nomine,
524 3831 657 3909 Sarapin
670 3831 872 3909 appellavere:
888 3832 1005 3909 posteri
1017 3828 1125 3887 deinde
1136 3829 1280 3907 Sarapin.

180 3914 292 3971 Latini
307 3912 429 3972 demam
443 3916 579 3992 Serapio.
622 3915 766 3975 Eusebius
782 3915 821 3973 sd
838 3914 1047 3995 Olympiadem
1065 3916 1135 3979 123.
1156 3914 1282 3991 Serapis

181 3999 387 4075 ingressasest
395 3997 629 4061 Alexandriam.
650 4000 743 4061 Vetus
751 4000 842 4061 lectio
851 4021 888 4059 ex
896 4002 1038 4061 Pontaco.
1054 3999 1179 4076 Serapis
1187 4000 1282 4055 simse-

181 4081 323 4141 Ioclrram
330 4081 554 4143 Alexandriam
564 4087 662 4145 venit:
679 4086 784 4167 posuit
796 4078 1075 4165 Autborldpsivdns
1088 4092 1218 4141 erectum
1226 4093 1281 4146 etl·

265 4160 314 4229 'Er
333 4162 429 4252 ‘Poipp
448 4173 570 4250 προῖτον
594 4165 778 4253 immudis]
804 4170 921 4230 Licinio
943 4179 975 4230 et
995 4166 1116 4227 (lambio
1139 4167 1221 4227 Coss.
1249 4176 1281 4227 et

180 4249 370 4405 {llytrpsp‘lipudis
387 4256 457 4319 126.
474 4274 552 4315 anno
571 4258 602 4323 3.
620 4258 722 4337 inquit
737 4256 912 4317 Glsronicon
927 4253 1013 4316 etex.
1034 4252 1178 4313 Eusebius
1193 4252 1280 4313 erinis

265 4414 474 4503 Νικομήδειαν
495 4419 549 4489 ln'
571 4417 725 4507 dumoso]
745 4424 953 4487 limationem
969 4420 1109 4485 bnmumt
1129 4420 1277 4485 Eusebius
