3109 4959
172 469 174 474 v
235 419 346 503 ἰιι
632 434 976 506 snsunsrrores

266 594 317 676 qui
331 594 363 654 in
377 592 495 654 llomnli
507 591 626 655 tertiam
642 593 787 654 decimum
800 594 949 670 incurrat3
970 593 1079 674 quique
1092 591 1232 673 septimae
1247 590 1348 672 Olym.

265 680 363 761 piaclis
375 680 463 738 finem
479 676 645 760 supponat,
665 688 696 738 et
710 688 834 739 octavae
848 677 919 737 anni
932 679 1023 760 primi
1038 679 1127 738 finem
1140 677 1287 756 respiciat

355 764 404 847 Τῷ
419 761 506 848 pist]
527 765 619 823 Error
627 763 766 824 librarius
781 774 825 826 est
838 759 919 849 ,drai-
949 763 1068 823 Troiam
1077 763 1156 822 enim
1169 782 1248 821 anno
1258 763 1348 827 4330.

267 846 445 909 destructam
458 856 583 908 testatur
602 867 669 928 pag.
686 854 754 914 170.
830 880 832 883 ·
1077 898 1080 903 ,

351 934 488 994 Γινονται
511 931 561 1010 ἔτη
583 927 675 1012 opti]
706 932 799 991 Error
821 930 979 1007 librarius,
1001 929 1099 1009 inquit
1115 929 1260 1007 Scaliger,
1281 927 1350 988 ros.

266 1035 333 1095 pag.
348 1017 419 1082 255.
453 1017 621 1092 Legendum
641 1009 714 1096 ρλβ’.
750 1016 813 1076 Iaso
827 1015 864 1074 sd
877 1015 993 1074 Eusebii
1014 1024 1143 1074 mentem
1164 1033 1278 1092 repono
1297 1004 1349 1072 ot'.

267 1099 339 1165 430.
380 1100 455 1159 Cum
468 1102 546 1159 enim
567 1109 636 1180 post
651 1100 781 1159 natalem
799 1099 957 1160 Abrahami
974 1099 1052 1159 diem
1068 1119 1146 1158 anuo
1163 1099 1237 1166 835.
1274 1096 1350 1153 Tro-

266 1181 327 1242 iam
342 1185 486 1261 excisam,
506 1185 666 1244 Romulum
686 1205 763 1244 enno
778 1186 869 1251 1265.
885 1196 1009 1262 regnum
1027 1184 1192 1263 accepisse,
1213 1184 1350 1240 Romam-

267 1286 324 1346 que
341 1268 429 1326 simul
446 1269 614 1328 condidisse
633 1270 756 1330 reserat:
778 1269 858 1328 inter
879 1278 1041 1346 utrumqne
1060 1288 1204 1327 annornm
1227 1265 1351 1324 limitem

265 1353 346 1410 ⁸⁰l⁰⁵
362 1356 433 1418 430·
449 1374 522 1433 quos
540 1354 627 1414 etiam
645 1354 791 1414 Diodorus
803 1353 943 1412 nonnihil
957 1354 1091 1432 superins
1107 1351 1221 1432 posuit,
1243 1349 1351 1408 decur-

265 1433 341 1494 risse
359 1446 484 1496 constat.
525 1439 593 1497 Non
611 1439 760 1514 negandus
784 1446 883 1496 tamen
899 1437 951 1496 hic
965 1458 1050 1497 crror
1071 1436 1225 1508 librarius,
1247 1434 1352 1490 aliusa

268 1518 409 1594 Scaligeri
422 1523 586 1598 proposito,
602 1522 640 1578 ad
655 1520 776 1599 Georgii
789 1522 884 1578 nostri
900 1530 1026 1579 mentem
1040 1519 1250 1578 emendandus.
1273 1517 1353 1588 Quo·

268 1601 358 1660 modo
370 1621 432 1659 non
446 1604 654 1679 emendandus,
677 1606 727 1682 qui
743 1613 846 1682 aperte
858 1603 993 1662 falsarius
1005 1613 1036 1662 et
1049 1601 1252 1662 adulteraturi
1277 1599 1354 1659 etis-

267 1705 307 1744 na
321 1686 465 1764 siquidem
481 1696 510 1745 ct
528 1707 607 1746 nova
626 1707 732 1762 manu,
753 1708 834 1747 novo
850 1688 927 1765 stylo
949 1696 977 1746 et
993 1706 1075 1763 mage
1094 1687 1257 1764 nigricante
1271 1695 1354 1744 sue·

266 1780 384 1845 mento,
405 1772 560 1830 temerario
580 1793 701 1850 prorsus
720 1773 751 1830 in
767 1773 866 1850 ipsum
885 1773 944 1831 uls.
967 1771 1051 1847 negti
1073 1781 1188 1830 textum
1208 1770 1257 1849 ἔτη
1275 1763 1352 1848 ortd'.

267 1865 340 1915 sunt
352 1874 412 1911 non
427 1855 500 1914 adeo
516 1854 704 1935 interpolata,
728 1877 815 1934 quam
832 1857 956 1920 intrusa.
997 1856 1070 1916 'l'am
1085 1858 1183 1916 audax
1197 1875 1355 1934 praeceps·

268 1957 328 2017 qua
350 1937 464 1997 lacinus
485 1941 623 2017 Scaligeri
640 1940 742 1999 debuit
761 1950 884 1999 aetatem
905 1949 1105 2014 antevertere,
1127 1960 1195 1997 cum
1215 1940 1278 2014 ipsc
1297 1937 1355 1993 lroc

269 2022 371 2082 eodem
388 2023 446 2086 lllS.
463 2043 534 2082 usus
555 2024 695 2083 mendum
717 2025 898 2091 observarit,
920 2034 951 2081 et
973 2023 1121 2080 monuerit
1142 2020 1355 2096 corrigendum.

268 2105 358 2164 Nullo
377 2125 448 2164 vcro
472 2109 590 2182 negotio
614 2115 780 2184 reparatur.
822 2105 924 2162 Posita
946 2105 1057 2182 quippe
1079 2105 1118 2162 ad
1137 2124 1247 2162 annum
1264 2105 1355 2168 4330.

269 2187 397 2247 Troiana
418 2187 518 2264 clude,
541 2187 647 2246 exinde
666 2188 704 2246 ad
727 2206 838 2246 annum
860 2187 953 2268 4754.
978 2206 1038 2265 quo
1061 2189 1183 2247 llomsm
1207 2188 1356 2246 conditam

269 2269 322 2336 lric
334 2272 539 2345 observamus,
561 2292 638 2330 anno
655 2272 794 2332 Romulei
809 2272 890 2348 regni
904 2274 953 2337 13.
972 2271 1050 2330 solos
1071 2273 1143 2340 424.
1162 2291 1200 2333 ex
1213 2269 1356 2331 Authoris

270 2374 357 2423 sensu
369 2357 555 2434 reponendos
571 2376 761 2415 numerorum
773 2356 882 2436 peritia
896 2355 1037 2418 declarat.

231 2471 236 2481 ·
354 2435 518 2520 Ῥωμύλλος
533 2433 569 2501 α’.
586 2440 618 2504 ἐκ
633 2445 688 2502 τοῦ
702 2434 827 2521 δήμου]
849 2440 1032 2517 scaligerum
1049 2440 1196 2499 illustrem
1211 2438 1356 2518 hencpe·

269 2523 394 2602 ricopen
420 2524 499 2584 osui
521 2524 639 2584 Eusebii
664 2524 731 2585 albo
754 2534 971 2603 expungentem
994 2545 1059 2605 pag.
1080 2527 1131 2592 36.
1152 2525 1262 2600 miror,
1289 2544 1356 2582 cum

269 2608 392 2667 Latinus
408 2609 471 2687 ipse
488 2608 524 2666 ad
533 2609 652 2668 Ilomuli
666 2611 836 2676 annu11124.
849 2609 957 2669 diserto
971 2611 1088 2669 reserat.
1123 2610 1277 2669 Romulus
1285 2611 1357 2686 pri-

271 2712 341 2752 mus
355 2693 466 2750 militer
487 2697 615 2773 assmpsit
631 2715 664 2751 rx
678 2695 810 2772 populo,
831 2705 859 2752 et
872 2695 1077 2752 nobilissimos
1093 2705 1212 2752 cmtrom
1226 2714 1307 2749 senos
1320 2690 1356 2749 ob

272 2787 400 2834 aetatem
422 2780 591 2855 Sersatorrr,
622 2779 658 2837 oh
679 2777 910 2838 similitudinem
932 2800 1025 2837 curae
1046 2783 1157 2837 Patres
1177 2778 1357 2856 appellarim

272 2862 383 2939 tenspla
397 2883 515 2940 piraque
534 2875 561 2919 et
575 2884 678 2921 ιιιιινυε
694 2865 853 2922 Romanae
875 2863 964 2922 Urbis
978 2866 1116 2925 extruxit.
1151 2862 1282 2920 Observa
1295 2861 1358 2918 llu-

272 2945 385 3002 scbiurn
396 2949 505 3003 Patres·
519 2968 579 3006 non
593 2951 746 3016 I’crtrr'rr'os
766 2954 860 3008 aetate
879 2947 997 3027 Georgii
1011 2947 1154 3026 dignitate
1169 2945 1251 3006 cirea
1265 2946 1358 3004 Grae-

274 3047 343 3088 cum
360 3028 431 3108 lsnp.
449 3031 623 3110 praecipuos
638 3032 804 3109 scripsisse.

355 3106 404 3174 'Eu
420 3119 460 3197 cpi
474 3108 519 3196 ιγ’.
536 3112 615 3196 ἔτει]
645 3115 706 3188 Qui
722 3117 758 3172 ab
774 3113 854 3173 orbis
872 3112 995 3172 conditu
1015 3112 1073 3173 suit
1086 3111 1177 3179 4754.
1194 3133 1256 3192 quo
1270 3110 1358 3171 simul

273 3196 337 3255 obit
359 3198 481 3275 septima
502 3199 654 3279 Olympias
677 3208 707 3257 et
728 3208 833 3258 octava
853 3197 912 3258 init
930 3207 1002 3277 post
1022 3199 1169 3258 aestivum
1187 3197 1359 3257 solstitium.

273 3278 331 3337 llic
343 3302 433 3357 porro
449 3303 587 3342 numerus
601 3276 647 3365 ιγ’.
659 3283 892 3343 confirmaturin
903 3282 1043 3360 margine,
1056 3291 1086 3342 et
1101 3301 1239 3341 numeros
1250 3270 1359 3364 ,δψνβῆ

276 3371 306 3419 et
326 3361 428 3445 ,dpusfl
445 3378 583 3446 corrupto
603 3368 637 3428 in
659 3377 775 3430 textum
794 3368 927 3428 intrusos
949 3367 983 3428 iu
1001 3367 1236 3427 emandationem
1251 3355 1360 3447 ,idmst

276 3448 449 3504 mutandum
465 3451 554 3513 iubet.

358 3527 508 3609 Αἰσχύλου
520 3537 561 3616 τῷ
575 3527 625 3612 ιβ’.
639 3531 694 3595 ires
706 3531 926 3614 nlppoupirp]
943 3531 1070 3605 Sustine,
1087 3530 1231 3590 Benevole
1244 3530 1360 3603 Lector,

277 3610 304 3670 si
318 3612 469 3671 minue-ex
487 3623 517 3671 tc
537 3614 692 3692 coniicias,
715 3618 752 3674 de
771 3637 831 3674 uno
848 3617 898 3674 vel
913 3616 1006 3677 altero
1027 3625 1056 3672 te
1072 3633 1215 3672 marsnam.
1255 3617 1283 3679 1.
1296 3613 1368 3672 Ass.

276 3694 391 3756 thorem
408 3696 590 3776 frequentius
604 3697 636 3756 in
650 3699 804 3757 condenda
820 3697 1194 3775 Clsronologialiuscbianis
1209 3697 1360 3758 codicibus

275 3800 372 3840 usum.
414 3789 444 3847 2.
466 3781 554 3841 Haud
571 3782 680 3860 ubique
696 3781 758 3840 cius
774 3782 897 3857 vestigia
912 3781 1029 3841 sectari.
1070 3785 1102 3848 3.
1125 3784 1226 3842 Annos
1241 3783 1278 3841 de
1289 3782 1360 3862 qui-

277 3863 331 3924 bus
345 3866 488 3926 Eusebius
502 3875 612 3926 tractat
625 3866 660 3924 ab
675 3867 827 3926 Autumno
843 3867 951 3926 ducere
967 3866 1130 3926 exordium.
1171 3867 1202 3933 4.
1221 3866 1361 3946 Aeschyli

277 3970 355 4008 anno
372 3951 502 4010 secundo
518 3953 682 4030 completo,
706 3960 759 4009 aut
774 3953 867 4011 forme
885 3951 1037 4028 absoluto,
1058 3951 1090 4010 id
1107 3960 1151 4010 est
1167 3951 1247 4010 circa
1263 3951 1362 4013 solsti-

276 4033 353 4092 tium
367 4037 508 4095 aestivum
525 4037 650 4116 primam
665 4034 872 4115 Olympiadem
886 4038 1033 4097 statuisse.
1074 4037 1125 4094 Nil
1142 4032 1258 4096 mirer’is
1271 4037 1362 4115 igitur

277 4117 455 4194 Authorans,
477 4121 528 4198 qui
544 4122 656 4199 scripta
671 4141 731 4179 non
742 4121 941 4195 recensuerit,
961 4142 999 4180 cx
1012 4119 1131 4180 liusebii
1143 4119 1264 4200 scriptis
1279 4119 1362 4179 nobis

277 4199 351 4260 lraec
365 4205 454 4262 verba
477 4201 654 4262 reddidisse:
685 4199 837 4283 Αἰσχύλον
862 4208 904 4266 rai
926 4203 1053 4283 δευτέρῳ
1082 4203 1138 4266 ἔτει
1158 4201 1362 4285 πληρουμένῳ,

281 4286 332 4345 sui
348 4281 499 4371 ἀρχομένῳ
513 4291 555 4372 τῷ
568 4288 655 4369 τρίτῳ
672 4282 766 4350 αὐτοῦ
778 4289 852 4360 ἔτει,
871 4266 894 4365 si
906 4282 1008 4368 septica
1019 4283 1180 4368 Ὀλυμπιᾶς
1192 4285 1292 4366 ἤχθηι
1313 4283 1363 4360 qui

282 4374 443 4431 correctius
458 4375 495 4432 ad
510 4371 664 4454 propriam
679 4381 806 4432 mentem
820 4370 1001 4452 scripsisset:
1026 4366 1177 4454 Αἰσχύλον
1189 4375 1232 4454 τῷ
1242 4363 1295 4450 ιβ’.
1310 4366 1364 4433 tra
