<?xml version="1.0" encoding="UTF-8"?>
<!DOCTYPE html PUBLIC "-//W3C//DTD XHTML 1.0 Transitional//EN"
    "http://www.w3.org/TR/xhtml1/DTD/xhtml1-transitional.dtd">
<html xmlns="http://www.w3.org/1999/xhtml" xml:lang="en" lang="en">
 <head>
  <title>
</title>
<meta http-equiv="Content-Type" content="text/html;charset=utf-8" />
  <meta name='ocr-system' content='tesseract 3.04.00' />
  <meta name='ocr-capabilities' content='ocr_page ocr_carea ocr_par ocr_line ocrx_word'/>
</head>
<body>
  <div class='ocr_page' id='page_1' title='image "./corpusscriptoru33theogoog_0064.png"; bbox 0 0 3109 4959; ppageno 0'>
   <div class='ocr_carea' id='block_1_1' title="bbox 215 380 813 460">
    <p class='ocr_par' dir='ltr' id='par_1_1' title="bbox 215 380 813 460">
     <span class='ocr_line' id='line_1_1' title="bbox 215 380 813 460; baseline 0.003 -5"><span class='ocrx_word' id='word_1_1' title='bbox 215 380 266 455; x_wconf 78' lang='lat' dir='ltr'><strong>bb</strong></span> <span class='ocrx_word' id='word_1_2' title='bbox 673 387 813 460; x_wconf 79' lang='lat' dir='ltr'><strong>Gustu</strong></span> 
     </span>
    </p>
   </div>
   <div class='ocr_carea' id='block_1_2' title="bbox 217 524 1306 628">
    <p class='ocr_par' dir='ltr' id='par_1_2' title="bbox 217 524 1306 628">
     <span class='ocr_line' id='line_1_2' title="bbox 217 524 1306 628; baseline -0.004 -19"><span class='ocrx_word' id='word_1_3' title='bbox 217 556 300 609; x_wconf 85' lang='lat' dir='ltr'><strong>sctse</strong></span> <span class='ocrx_word' id='word_1_4' title='bbox 314 548 394 609; x_wconf 80' lang='lat' dir='ltr'><strong>vitae</strong></span> <span class='ocrx_word' id='word_1_5' title='bbox 407 547 526 625; x_wconf 87' lang='lat' dir='ltr'><strong>merite,</strong></span> <span class='ocrx_word' id='word_1_6' title='bbox 549 565 625 628; x_wconf 83' lang='lat' dir='ltr'><strong>quse</strong></span> <span class='ocrx_word' id='word_1_7' title='bbox 640 524 845 627; x_wconf 71' lang='lat' dir='ltr'><strong>quni&#39;spmi·</strong></span> <span class='ocrx_word' id='word_1_8' title='bbox 859 544 952 605; x_wconf 71' lang='lat' dir='ltr'><strong>radiis</strong></span> <span class='ocrx_word' id='word_1_9' title='bbox 967 543 1098 605; x_wconf 87' lang='lat' dir='ltr'><strong>omnium</strong></span> <span class='ocrx_word' id='word_1_10' title='bbox 1116 546 1208 607; x_wconf 89' lang='lat' dir='ltr'><strong>oculis</strong></span> <span class='ocrx_word' id='word_1_11' title='bbox 1222 546 1306 606; x_wconf 86' lang='lat' dir='ltr'><strong>obie-</strong></span> 
     </span>
    </p>
   </div>
   <div class='ocr_carea' id='block_1_3' title="bbox 109 629 1307 713">
    <p class='ocr_par' dir='ltr' id='par_1_3' title="bbox 109 629 1307 713">
     <span class='ocr_line' id='line_1_3' title="bbox 109 629 1307 713; baseline -0.003 -19"><span class='ocrx_word' id='word_1_12' title='bbox 109 702 111 705; x_wconf 43' lang='grc'>,</span> <span class='ocrx_word' id='word_1_13' title='bbox 218 643 266 693; x_wconf 80' lang='grc' dir='ltr'><strong>ιιι</strong></span> <span class='ocrx_word' id='word_1_14' title='bbox 280 634 411 695; x_wconf 86' lang='lat' dir='ltr'><strong>omnium</strong></span> <span class='ocrx_word' id='word_1_15' title='bbox 427 633 541 693; x_wconf 85' lang='lat' dir='ltr'><strong>animos</strong></span> <span class='ocrx_word' id='word_1_16' title='bbox 552 632 807 713; x_wconf 45' lang='lat' dir='ltr'><strong>‘perstringebann</strong></span> <span class='ocrx_word' id='word_1_17' title='bbox 829 640 863 690; x_wconf 88' lang='lat' dir='ltr'><strong>ut</strong></span> <span class='ocrx_word' id='word_1_18' title='bbox 881 650 949 690; x_wconf 88' lang='lat' dir='ltr'><strong>eum</strong></span> <span class='ocrx_word' id='word_1_19' title='bbox 967 629 1024 689; x_wconf 91' lang='lat' dir='ltr'><strong>sibi</strong></span> <span class='ocrx_word' id='word_1_20' title='bbox 1038 629 1211 710; x_wconf 75' lang='lat' dir='ltr'><strong>syncellum</strong></span> <span class='ocrx_word' id='word_1_21' title='bbox 1225 630 1307 691; x_wconf 82' lang='lat' dir='ltr'><strong>diffi-</strong></span> 
     </span>
    </p>
   </div>
   <div class='ocr_carea' id='block_1_4' title="bbox 219 713 1313 1304">
    <p class='ocr_par' dir='ltr' id='par_1_4' title="bbox 219 713 1313 1304">
     <span class='ocr_line' id='line_1_4' title="bbox 219 713 1308 795; baseline -0.002 -18"><span class='ocrx_word' id='word_1_22' title='bbox 219 717 356 794; x_wconf 85' lang='lat' dir='ltr'><strong>cillimis,</strong></span> <span class='ocrx_word' id='word_1_23' title='bbox 377 719 415 778; x_wconf 93' lang='lat' dir='ltr'><strong>ob</strong></span> <span class='ocrx_word' id='word_1_24' title='bbox 426 718 524 777; x_wconf 85' lang='lat' dir='ltr'><strong>illstas</strong></span> <span class='ocrx_word' id='word_1_25' title='bbox 537 717 574 776; x_wconf 89' lang='lat' dir='ltr'><strong>sb</strong></span> <span class='ocrx_word' id='word_1_26' title='bbox 588 715 751 777; x_wconf 83' lang='lat' dir='ltr'><strong>Hsereticis</strong></span> <span class='ocrx_word' id='word_1_27' title='bbox 765 716 955 792; x_wconf 84' lang='lat' dir='ltr'><strong>vexationes,</strong></span> <span class='ocrx_word' id='word_1_28' title='bbox 976 714 1159 795; x_wconf 73' lang='lat' dir='ltr'><strong>temporibus</strong></span> <span class='ocrx_word' id='word_1_29' title='bbox 1172 713 1308 793; x_wconf 78' lang='lat' dir='ltr'><strong>designe-</strong></span> 
     </span>
     <span class='ocr_line' id='line_1_5' title="bbox 219 798 1308 879; baseline -0.004 -16"><span class='ocrx_word' id='word_1_30' title='bbox 219 811 280 879; x_wconf 84' lang='lat' dir='ltr'><strong>ret,</strong></span> <span class='ocrx_word' id='word_1_31' title='bbox 311 804 463 863; x_wconf 85' lang='lat' dir='ltr'><strong>Tsrasium</strong></span> <span class='ocrx_word' id='word_1_32' title='bbox 485 803 541 862; x_wconf 85' lang='lat' dir='ltr'><strong>GP.</strong></span> <span class='ocrx_word' id='word_1_33' title='bbox 564 802 640 862; x_wconf 89' lang='lat' dir='ltr'><strong>sedis</strong></span> <span class='ocrx_word' id='word_1_34' title='bbox 661 798 862 877; x_wconf 82' lang='lat' dir='ltr'><strong>Patrisrchum</strong></span> <span class='ocrx_word' id='word_1_35' title='bbox 879 798 1095 860; x_wconf 75' lang='lat' dir='ltr'><strong>sanctissimum</strong></span> <span class='ocrx_word' id='word_1_36' title='bbox 1114 798 1308 879; x_wconf 86' lang='lat' dir='ltr'><strong>impulerunt.</strong></span> 
     </span>
     <span class='ocr_line' id='line_1_6' title="bbox 220 883 1310 965; baseline -0.004 -18"><span class='ocrx_word' id='word_1_37' title='bbox 220 886 277 947; x_wconf 85' lang='lat' dir='ltr'><strong>Hic</strong></span> <span class='ocrx_word' id='word_1_38' title='bbox 293 906 346 965; x_wconf 83' lang='lat' dir='ltr'><strong>ego</strong></span> <span class='ocrx_word' id='word_1_39' title='bbox 361 888 460 947; x_wconf 84' lang='lat' dir='ltr'><strong>virum</strong></span> <span class='ocrx_word' id='word_1_40' title='bbox 477 906 538 946; x_wconf 91' lang='lat' dir='ltr'><strong>non</strong></span> <span class='ocrx_word' id='word_1_41' title='bbox 553 886 693 947; x_wconf 82' lang='lat' dir='ltr'><strong>edornem</strong></span> <span class='ocrx_word' id='word_1_42' title='bbox 715 885 871 961; x_wconf 77' lang='lat' dir='ltr'><strong>lendibus,</strong></span> <span class='ocrx_word' id='word_1_43' title='bbox 897 884 950 945; x_wconf 88' lang='lat' dir='ltr'><strong>sed</strong></span> <span class='ocrx_word' id='word_1_44' title='bbox 964 903 1002 944; x_wconf 86' lang='lat' dir='ltr'><strong>ex</strong></span> <span class='ocrx_word' id='word_1_45' title='bbox 1020 883 1172 960; x_wconf 75' lang='lat' dir='ltr'><strong>dignitatis</strong></span> <span class='ocrx_word' id='word_1_46' title='bbox 1189 902 1310 943; x_wconf 87' lang='lat' dir='ltr'><strong>munere</strong></span> 
     </span>
     <span class='ocr_line' id='line_1_7' title="bbox 223 967 1311 1051; baseline -0.005 -19"><span class='ocrx_word' id='word_1_47' title='bbox 223 979 254 1032; x_wconf 89' lang='lat' dir='ltr'><strong>et</strong></span> <span class='ocrx_word' id='word_1_48' title='bbox 269 990 359 1051; x_wconf 90' lang='lat' dir='ltr'><strong>penes</strong></span> <span class='ocrx_word' id='word_1_49' title='bbox 378 970 580 1031; x_wconf 86' lang='lat' dir='ltr'><strong>Patrinrchsm</strong></span> <span class='ocrx_word' id='word_1_50' title='bbox 601 979 764 1051; x_wconf 82' lang='lat' dir='ltr'><strong>potestate,</strong></span> <span class='ocrx_word' id='word_1_51' title='bbox 787 969 940 1048; x_wconf 72' lang='lat' dir='ltr'>syncellus</span> <span class='ocrx_word' id='word_1_52' title='bbox 961 969 1028 1048; x_wconf 87' lang='lat' dir='ltr'><strong>quis</strong></span> <span class='ocrx_word' id='word_1_53' title='bbox 1045 968 1154 1043; x_wconf 88' lang='lat' dir='ltr'><strong>suerit,</strong></span> <span class='ocrx_word' id='word_1_54' title='bbox 1175 987 1236 1027; x_wconf 90' lang='lat' dir='ltr'><strong>non</strong></span> <span class='ocrx_word' id='word_1_55' title='bbox 1256 967 1311 1028; x_wconf 86' lang='lat' dir='ltr'><strong>ibit</strong></span> 
     </span>
     <span class='ocr_line' id='line_1_8' title="bbox 223 1051 1312 1133; baseline -0.002 -20"><span class='ocrx_word' id='word_1_56' title='bbox 223 1054 315 1113; x_wconf 89' lang='lat' dir='ltr'><strong>nbsrc</strong></span> <span class='ocrx_word' id='word_1_57' title='bbox 328 1076 365 1114; x_wconf 80' lang='lat' dir='ltr'><strong>ex</strong></span> <span class='ocrx_word' id='word_1_58' title='bbox 374 1055 644 1115; x_wconf 86' lang='lat' dir='ltr'><strong>selectisllistoriae</strong></span> <span class='ocrx_word' id='word_1_59' title='bbox 656 1054 834 1114; x_wconf 75' lang='lat' dir='ltr'><strong>testimoniis</strong></span> <span class='ocrx_word' id='word_1_60' title='bbox 848 1053 1017 1133; x_wconf 75' lang='lat' dir='ltr'><strong>explanare.</strong></span> <span class='ocrx_word' id='word_1_61' title='bbox 1038 1053 1133 1126; x_wconf 83' lang='lat' dir='ltr'><strong>Quem</strong></span> <span class='ocrx_word' id='word_1_62' title='bbox 1141 1051 1312 1131; x_wconf 74' lang='lat' dir='ltr'><strong>syncellum</strong></span> 
     </span>
     <span class='ocr_line' id='line_1_9' title="bbox 224 1134 1312 1219; baseline -0.007 -17"><span class='ocrx_word' id='word_1_63' title='bbox 224 1134 394 1219; x_wconf 72' lang='grc' dir='ltr'><strong><em>Σιῖγιιιλλιιν</em></strong></span> <span class='ocrx_word' id='word_1_64' title='bbox 420 1138 650 1218; x_wconf 70' lang='lat' dir='ltr'><strong>frequentissimi</strong></span> <span class='ocrx_word' id='word_1_65' title='bbox 671 1138 808 1198; x_wconf 79' lang='lat' dir='ltr'><strong>scribunt</strong></span> <span class='ocrx_word' id='word_1_66' title='bbox 825 1147 975 1212; x_wconf 85' lang='lat' dir='ltr'><strong>suctores,</strong></span> <span class='ocrx_word' id='word_1_67' title='bbox 1004 1138 1131 1197; x_wconf 84' lang='lat' dir='ltr'><strong>rariores</strong></span> <span class='ocrx_word' id='word_1_68' title='bbox 1153 1136 1312 1215; x_wconf 78' lang='lat' dir='ltr'><strong>Syngelum</strong></span> 
     </span>
     <span class='ocr_line' id='line_1_10' title="bbox 224 1218 1313 1304; baseline -0.006 -19"><span class='ocrx_word' id='word_1_69' title='bbox 224 1218 376 1304; x_wconf 73' lang='grc' dir='ltr'><strong>Σύγγελυν</strong></span> <span class='ocrx_word' id='word_1_70' title='bbox 391 1224 602 1303; x_wconf 87' lang='lat' dir='ltr'><strong>pronunciant.</strong></span> <span class='ocrx_word' id='word_1_71' title='bbox 644 1224 813 1283; x_wconf 67' lang='lat' dir='ltr'><strong>[sectionem</strong></span> <span class='ocrx_word' id='word_1_72' title='bbox 827 1224 985 1283; x_wconf 88' lang='lat' dir='ltr'><strong>secundam</strong></span> <span class='ocrx_word' id='word_1_73' title='bbox 997 1221 1104 1302; x_wconf 86' lang='lat' dir='ltr'><strong>probat</strong></span> <span class='ocrx_word' id='word_1_74' title='bbox 1117 1222 1220 1282; x_wconf 90' lang='lat' dir='ltr'><strong>lunius</strong></span> <span class='ocrx_word' id='word_1_75' title='bbox 1234 1219 1260 1299; x_wconf 74' lang='grc' dir='ltr'><strong>ο)</strong></span> <span class='ocrx_word' id='word_1_76' title='bbox 1275 1240 1313 1279; x_wconf 79' lang='lat' dir='ltr'><strong>ex</strong></span> 
     </span>
    </p>
   </div>
   <div class='ocr_carea' id='block_1_5' title="bbox 224 1300 1430 1390">
    <p class='ocr_par' dir='ltr' id='par_1_5' title="bbox 224 1300 1430 1390">
     <span class='ocr_line' id='line_1_11' title="bbox 224 1300 1430 1390; baseline -0.005 -24"><span class='ocrx_word' id='word_1_77' title='bbox 224 1306 283 1366; x_wconf 84' lang='lat' dir='ltr'><strong>slia</strong></span> <span class='ocrx_word' id='word_1_78' title='bbox 303 1302 480 1390; x_wconf 76' lang='grc' dir='ltr'><em>συνάγγελος</em></span> <span class='ocrx_word' id='word_1_79' title='bbox 502 1309 663 1368; x_wconf 86' lang='lat' dir='ltr'><strong>derivatam</strong></span> <span class='ocrx_word' id='word_1_80' title='bbox 687 1317 716 1367; x_wconf 91' lang='lat' dir='ltr'><strong>et</strong></span> <span class='ocrx_word' id='word_1_81' title='bbox 738 1316 933 1367; x_wconf 80' lang='lat' dir='ltr'><strong>contractam:</strong></span> <span class='ocrx_word' id='word_1_82' title='bbox 954 1306 980 1365; x_wconf 91' lang='lat' dir='ltr'><strong>is</strong></span> <span class='ocrx_word' id='word_1_83' title='bbox 999 1306 1049 1366; x_wconf 87' lang='lat' dir='ltr'><strong>ubi</strong></span> <span class='ocrx_word' id='word_1_84' title='bbox 1068 1300 1218 1387; x_wconf 75' lang='grc' dir='ltr'><strong>Σύγγελον</strong></span> <span class='ocrx_word' id='word_1_85' title='bbox 1237 1305 1313 1364; x_wconf 82' lang='lat' dir='ltr'><strong>Coe-</strong></span> <span class='ocrx_word' id='word_1_86' title='bbox 1426 1354 1430 1360; x_wconf 90' lang='lat'>.</span> 
     </span>
    </p>
   </div>
   <div class='ocr_carea' id='block_1_6' title="bbox 226 1387 1358 4171">
    <p class='ocr_par' dir='ltr' id='par_1_6' title="bbox 226 1387 1358 4171">
     <span class='ocr_line' id='line_1_12' title="bbox 226 1387 1314 1472; baseline 0.001 -24"><span class='ocrx_word' id='word_1_87' title='bbox 226 1392 388 1467; x_wconf 72' lang='lat' dir='ltr'><strong>rechilam,</strong></span> <span class='ocrx_word' id='word_1_88' title='bbox 408 1402 438 1451; x_wconf 87' lang='lat' dir='ltr'><strong>et</strong></span> <span class='ocrx_word' id='word_1_89' title='bbox 463 1387 711 1472; x_wconf 80' lang='lat' dir='ltr'><strong>Hpnroov&#39;yyslov</strong></span> <span class='ocrx_word' id='word_1_90' title='bbox 732 1394 835 1449; x_wconf 77' lang='lat' dir='ltr'><strong>Senem</strong></span> <span class='ocrx_word' id='word_1_91' title='bbox 857 1412 1002 1470; x_wconf 85' lang='lat' dir='ltr'><strong>quemque</strong></span> <span class='ocrx_word' id='word_1_92' title='bbox 1027 1391 1196 1450; x_wconf 83' lang='lat' dir='ltr'><strong>Monasterii</strong></span> <span class='ocrx_word' id='word_1_93' title='bbox 1219 1390 1314 1449; x_wconf 86' lang='lat' dir='ltr'><strong>inter-</strong></span> 
     </span>
     <span class='ocr_line' id='line_1_13' title="bbox 227 1471 1315 1554; baseline -0.001 -22"><span class='ocrx_word' id='word_1_94' title='bbox 227 1486 380 1554; x_wconf 89' lang='lat' dir='ltr'><strong>pretatur,</strong></span> <span class='ocrx_word' id='word_1_95' title='bbox 403 1474 516 1533; x_wconf 86' lang='lat' dir='ltr'><strong>erudite</strong></span> <span class='ocrx_word' id='word_1_96' title='bbox 538 1497 555 1531; x_wconf 85' lang='lat' dir='ltr'><strong>a</strong></span> <span class='ocrx_word' id='word_1_97' title='bbox 576 1478 733 1548; x_wconf 86' lang='lat' dir='ltr'><strong>Gretsero,</strong></span> <span class='ocrx_word' id='word_1_98' title='bbox 755 1482 785 1532; x_wconf 90' lang='lat' dir='ltr'><strong>et</strong></span> <span class='ocrx_word' id='word_1_99' title='bbox 806 1495 864 1531; x_wconf 89' lang='lat' dir='ltr'><strong>non</strong></span> <span class='ocrx_word' id='word_1_100' title='bbox 885 1479 949 1533; x_wconf 91' lang='lat' dir='ltr'><strong>sinc</strong></span> <span class='ocrx_word' id='word_1_101' title='bbox 973 1475 1060 1533; x_wconf 83' lang='lat' dir='ltr'><strong>leude</strong></span> <span class='ocrx_word' id='word_1_102' title='bbox 1077 1471 1315 1552; x_wconf 81' lang='lat' dir='ltr'><strong>reprehenditur.</strong></span> 
     </span>
     <span class='ocr_line' id='line_1_14' title="bbox 228 1554 1315 1639; baseline 0 -20"><span class='ocrx_word' id='word_1_103' title='bbox 228 1554 378 1637; x_wconf 74' lang='grc' dir='ltr'><strong>Σύγγελος</strong></span> <span class='ocrx_word' id='word_1_104' title='bbox 392 1581 408 1617; x_wconf 86' lang='lat' dir='ltr'><strong>u</strong></span> <span class='ocrx_word' id='word_1_105' title='bbox 424 1554 611 1639; x_wconf 77' lang='grc' dir='ltr'><strong><em>Συνᾶγγελος</em></strong></span> <span class='ocrx_word' id='word_1_106' title='bbox 627 1558 771 1617; x_wconf 87' lang='lat' dir='ltr'><strong>deductus</strong></span> <span class='ocrx_word' id='word_1_107' title='bbox 791 1558 958 1617; x_wconf 83' lang='lat' dir='ltr'><strong>Clarissimo</strong></span> <span class='ocrx_word' id='word_1_108' title='bbox 981 1558 1171 1636; x_wconf 74' lang='lat' dir='ltr'><strong>Areopagitae</strong></span> <span class='ocrx_word' id='word_1_109' title='bbox 1183 1558 1315 1619; x_wconf 76' lang='lat' dir='ltr'><strong>Leones·</strong></span> 
     </span>
     <span class='ocr_line' id='line_1_15' title="bbox 228 1639 1316 1722; baseline -0.001 -21"><span class='ocrx_word' id='word_1_110' title='bbox 228 1639 444 1722; x_wconf 64' lang='lat' dir='ltr'><strong>dol‘bilarae&#39;)</strong></span> <span class='ocrx_word' id='word_1_111' title='bbox 452 1643 564 1721; x_wconf 83' lang='lat' dir='ltr'><strong>plsoet;</strong></span> <span class='ocrx_word' id='word_1_112' title='bbox 581 1642 712 1701; x_wconf 84' lang='lat' dir='ltr'><strong>feliciore</strong></span> <span class='ocrx_word' id='word_1_113' title='bbox 725 1642 802 1700; x_wconf 85' lang='lat' dir='ltr'><strong>licet</strong></span> <span class='ocrx_word' id='word_1_114' title='bbox 813 1642 985 1701; x_wconf 82' lang='lat' dir='ltr'><strong>corsiectura</strong></span> <span class='ocrx_word' id='word_1_115' title='bbox 999 1642 1123 1701; x_wconf 81' lang='lat' dir='ltr'><strong>laterum</strong></span> <span class='ocrx_word' id='word_1_116' title='bbox 1130 1641 1316 1700; x_wconf 80' lang='lat' dir='ltr'><strong>l‘striorcbse</strong></span> 
     </span>
     <span class='ocr_line' id='line_1_16' title="bbox 228 1725 1317 1808; baseline -0.002 -22"><span class='ocrx_word' id='word_1_117' title='bbox 228 1727 418 1808; x_wconf 78' lang='lat' dir='ltr'><strong>stipatorem,</strong></span> <span class='ocrx_word' id='word_1_118' title='bbox 441 1747 475 1785; x_wconf 89' lang='lat' dir='ltr'><strong>oc</strong></span> <span class='ocrx_word' id='word_1_119' title='bbox 494 1728 576 1785; x_wconf 88' lang='lat' dir='ltr'><strong>velut</strong></span> <span class='ocrx_word' id='word_1_120' title='bbox 591 1728 733 1805; x_wconf 69' lang='lat' dir='ltr'><strong>&lt;segelum</strong></span> <span class='ocrx_word' id='word_1_121' title='bbox 753 1726 946 1801; x_wconf 86' lang='lat' dir='ltr'><strong>fidissimum,</strong></span> <span class='ocrx_word' id='word_1_122' title='bbox 967 1728 1103 1786; x_wconf 85' lang='lat' dir='ltr'><strong>laborum</strong></span> <span class='ocrx_word' id='word_1_123' title='bbox 1125 1730 1262 1785; x_wconf 88' lang='lat' dir='ltr'><strong>comitem</strong></span> <span class='ocrx_word' id='word_1_124' title='bbox 1279 1725 1317 1784; x_wconf 84' lang='lat' dir='ltr'><strong>sd</strong></span> 
     </span>
     <span class='ocr_line' id='line_1_17' title="bbox 228 1805 1317 1895; baseline -0.003 -25"><span class='ocrx_word' id='word_1_125' title='bbox 228 1812 343 1889; x_wconf 82' lang='lat' dir='ltr'><strong>negotio</strong></span> <span class='ocrx_word' id='word_1_126' title='bbox 362 1812 482 1890; x_wconf 76' lang='lat' dir='ltr'><strong>quaevis</strong></span> <span class='ocrx_word' id='word_1_127' title='bbox 498 1812 632 1870; x_wconf 88' lang='lat' dir='ltr'><strong>obeunda</strong></span> <span class='ocrx_word' id='word_1_128' title='bbox 648 1810 882 1889; x_wconf 78' lang='lat' dir='ltr'><strong>paratissimum,</strong></span> <span class='ocrx_word' id='word_1_129' title='bbox 904 1805 1056 1895; x_wconf 72' lang='lat' dir='ltr'><strong>Zdyyslov</strong></span> <span class='ocrx_word' id='word_1_130' title='bbox 1070 1821 1208 1891; x_wconf 80' lang='lat' dir='ltr'><strong>exponat.</strong></span> <span class='ocrx_word' id='word_1_131' title='bbox 1231 1812 1317 1869; x_wconf 82' lang='lat' dir='ltr'><strong>Eun·</strong></span> 
     </span>
     <span class='ocr_line' id='line_1_18' title="bbox 227 1890 1318 1979; baseline -0.003 -24"><span class='ocrx_word' id='word_1_132' title='bbox 227 1896 294 1955; x_wconf 86' lang='lat' dir='ltr'><strong>dem</strong></span> <span class='ocrx_word' id='word_1_133' title='bbox 327 1896 409 1974; x_wconf 85' lang='lat' dir='ltr'><strong>quasi</strong></span> <span class='ocrx_word' id='word_1_134' title='bbox 431 1896 586 1979; x_wconf 62' lang='grc' dir='ltr'><strong>ξίγιλλοιν,</strong></span> <span class='ocrx_word' id='word_1_135' title='bbox 616 1896 839 1973; x_wconf 59' lang='grc' dir='ltr'><strong>δι’ςίΙΙιΪιιιιιιι,</strong></span> <span class='ocrx_word' id='word_1_136' title='bbox 868 1904 898 1954; x_wconf 91' lang='lat' dir='ltr'><strong>et</strong></span> <span class='ocrx_word' id='word_1_137' title='bbox 934 1890 1202 1977; x_wconf 64' lang='lat' dir='ltr'><strong>Itonaeosiyyelov,</strong></span> <span class='ocrx_word' id='word_1_138' title='bbox 1230 1895 1318 1954; x_wconf 83' lang='lat' dir='ltr'><strong>velut</strong></span> 
     </span>
     <span class='ocr_line' id='line_1_19' title="bbox 228 1980 1318 2061; baseline -0.002 -20"><span class='ocrx_word' id='word_1_139' title='bbox 228 1981 484 2061; x_wconf 79' lang='lat' dir='ltr'><strong>Ilposroos&#39;ysllov,</strong></span> <span class='ocrx_word' id='word_1_140' title='bbox 506 1980 676 2058; x_wconf 76' lang='lat' dir='ltr'><strong>Magistrum</strong></span> <span class='ocrx_word' id='word_1_141' title='bbox 694 1980 864 2057; x_wconf 82' lang='lat' dir='ltr'><strong>Sigillorum</strong></span> <span class='ocrx_word' id='word_1_142' title='bbox 878 1980 1039 2058; x_wconf 14' lang='lat' dir='ltr'><strong>deHLatinis</strong></span> <span class='ocrx_word' id='word_1_143' title='bbox 1058 1980 1236 2059; x_wconf 81' lang='lat' dir='ltr'><strong>Graeciaque</strong></span> <span class='ocrx_word' id='word_1_144' title='bbox 1250 1981 1318 2039; x_wconf 85' lang='lat' dir='ltr'><strong>tlu-</strong></span> 
     </span>
     <span class='ocr_line' id='line_1_20' title="bbox 229 2064 1318 2145; baseline 0 -22"><span class='ocrx_word' id='word_1_145' title='bbox 229 2064 269 2123; x_wconf 91' lang='lat' dir='ltr'><strong>sis</strong></span> <span class='ocrx_word' id='word_1_146' title='bbox 295 2086 354 2122; x_wconf 89' lang='lat' dir='ltr'><strong>uon</strong></span> <span class='ocrx_word' id='word_1_147' title='bbox 375 2064 540 2124; x_wconf 87' lang='lat' dir='ltr'><strong>immeritus</strong></span> <span class='ocrx_word' id='word_1_148' title='bbox 562 2065 727 2123; x_wconf 84' lang='lat' dir='ltr'><strong>llernetrius</strong></span> <span class='ocrx_word' id='word_1_149' title='bbox 747 2066 845 2123; x_wconf 83' lang='lat' dir='ltr'><strong>Duces</strong></span> <span class='ocrx_word' id='word_1_150' title='bbox 867 2065 985 2124; x_wconf 83' lang='lat' dir='ltr'><strong>edocuit</strong></span> <span class='ocrx_word' id='word_1_151' title='bbox 1000 2064 1155 2145; x_wconf 76' lang='lat' dir='ltr'><strong>legendnm</strong></span> <span class='ocrx_word' id='word_1_152' title='bbox 1167 2086 1177 2141; x_wconf 76' lang='lat'><em>3</em></span> <span class='ocrx_word' id='word_1_153' title='bbox 1200 2065 1318 2123; x_wconf 72' lang='lat' dir='ltr'><strong>acesius</strong></span> 
     </span>
     <span class='ocr_line' id='line_1_21' title="bbox 228 2149 1318 2231; baseline 0.003 -23"><span class='ocrx_word' id='word_1_154' title='bbox 228 2168 327 2216; x_wconf 85' lang='lat' dir='ltr'><strong>sensu,</strong></span> <span class='ocrx_word' id='word_1_155' title='bbox 348 2156 384 2206; x_wconf 90' lang='lat' dir='ltr'><strong>ut</strong></span> <span class='ocrx_word' id='word_1_156' title='bbox 397 2150 484 2228; x_wconf 85' lang='lat' dir='ltr'><strong>paulo</strong></span> <span class='ocrx_word' id='word_1_157' title='bbox 502 2149 637 2225; x_wconf 88' lang='lat' dir='ltr'><strong>duriore,</strong></span> <span class='ocrx_word' id='word_1_158' title='bbox 659 2149 746 2226; x_wconf 80' lang='lat' dir='ltr'><strong>longo</strong></span> <span class='ocrx_word' id='word_1_159' title='bbox 770 2149 930 2210; x_wconf 75' lang='lat' dir='ltr'><strong>obhorreos</strong></span> <span class='ocrx_word' id='word_1_160' title='bbox 954 2150 1147 2229; x_wconf 77' lang='lat' dir='ltr'><strong>quantumvis</strong></span> <span class='ocrx_word' id='word_1_161' title='bbox 1167 2151 1318 2231; x_wconf 78' lang='lat' dir='ltr'><strong>osyillsou,</strong></span> 
     </span>
     <span class='ocr_line' id='line_1_22' title="bbox 229 2232 1319 2312; baseline 0.004 -23"><span class='ocrx_word' id='word_1_162' title='bbox 229 2234 404 2309; x_wconf 78' lang='lat' dir='ltr'><strong>sigillatum</strong></span> <span class='ocrx_word' id='word_1_163' title='bbox 417 2232 563 2311; x_wconf 69' lang='lat' dir='ltr'><strong>dcpIoma,</strong></span> <span class='ocrx_word' id='word_1_164' title='bbox 585 2232 657 2292; x_wconf 88' lang='lat' dir='ltr'><strong>iuris</strong></span> <span class='ocrx_word' id='word_1_165' title='bbox 682 2234 963 2308; x_wconf 77' lang='lat' dir='ltr'><strong>Graeco-Romani</strong></span> <span class='ocrx_word' id='word_1_166' title='bbox 978 2234 1080 2294; x_wconf 88' lang='lat' dir='ltr'><strong>codice</strong></span> <span class='ocrx_word' id='word_1_167' title='bbox 1101 2234 1319 2312; x_wconf 84' lang='lat' dir='ltr'><strong>inspiciendum</strong></span> 
     </span>
     <span class='ocr_line' id='line_1_23' title="bbox 231 2313 1318 2396; baseline 0.006 -23"><span class='ocrx_word' id='word_1_168' title='bbox 231 2315 304 2374; x_wconf 89' lang='lat' dir='ltr'><strong>mihi</strong></span> <span class='ocrx_word' id='word_1_169' title='bbox 320 2318 480 2395; x_wconf 79' lang='lat' dir='ltr'><strong>ingeretur.</strong></span> <span class='ocrx_word' id='word_1_170' title='bbox 522 2318 628 2377; x_wconf 87' lang='lat' dir='ltr'><strong>Verius</strong></span> <span class='ocrx_word' id='word_1_171' title='bbox 646 2318 775 2396; x_wconf 85' lang='lat' dir='ltr'><strong>itaquen</strong></span> <span class='ocrx_word' id='word_1_172' title='bbox 798 2320 875 2376; x_wconf 81' lang='lat' dir='ltr'><strong>cella</strong></span> <span class='ocrx_word' id='word_1_173' title='bbox 889 2320 1076 2392; x_wconf 85' lang='lat' dir='ltr'><strong>etssrrario,</strong></span> <span class='ocrx_word' id='word_1_174' title='bbox 1098 2313 1158 2380; x_wconf 77' lang='lat' dir='ltr'><strong>aiud</strong></span> <span class='ocrx_word' id='word_1_175' title='bbox 1177 2324 1232 2381; x_wconf 81' lang='grc' dir='ltr'><strong>τοῦ</strong></span> <span class='ocrx_word' id='word_1_176' title='bbox 1250 2324 1318 2380; x_wconf 75' lang='grc' dir='ltr'><strong>κελ-</strong></span> 
     </span>
     <span class='ocr_line' id='line_1_24' title="bbox 230 2396 1319 2483; baseline 0 -22"><span class='ocrx_word' id='word_1_177' title='bbox 230 2402 297 2462; x_wconf 80' lang='lat' dir='ltr'><strong>lion</strong></span> <span class='ocrx_word' id='word_1_178' title='bbox 312 2396 477 2481; x_wconf 72' lang='lat' dir='ltr'><strong>Zaiyusllor</strong></span> <span class='ocrx_word' id='word_1_179' title='bbox 491 2400 585 2461; x_wconf 87' lang='lat' dir='ltr'><strong>dictus</strong></span> <span class='ocrx_word' id='word_1_180' title='bbox 600 2402 757 2479; x_wconf 84' lang='lat' dir='ltr'><strong>habentur,</strong></span> <span class='ocrx_word' id='word_1_181' title='bbox 780 2404 832 2483; x_wconf 89' lang='lat' dir='ltr'><strong>qui</strong></span> <span class='ocrx_word' id='word_1_182' title='bbox 847 2402 1006 2462; x_wconf 81' lang='lat' dir='ltr'><strong>intimioris</strong></span> <span class='ocrx_word' id='word_1_183' title='bbox 1015 2402 1209 2463; x_wconf 85' lang='lat' dir='ltr'><strong>Patriarchiei</strong></span> <span class='ocrx_word' id='word_1_184' title='bbox 1223 2424 1319 2462; x_wconf 85' lang='lat' dir='ltr'><strong>secra-</strong></span> 
     </span>
     <span class='ocr_line' id='line_1_25' title="bbox 230 2485 1320 2568; baseline 0.001 -24"><span class='ocrx_word' id='word_1_185' title='bbox 230 2485 269 2545; x_wconf 87' lang='lat' dir='ltr'><strong>rii</strong></span> <span class='ocrx_word' id='word_1_186' title='bbox 292 2486 522 2563; x_wconf 83' lang='lat' dir='ltr'><strong>Conoellaueus,</strong></span> <span class='ocrx_word' id='word_1_187' title='bbox 553 2487 640 2549; x_wconf 86' lang='lat' dir='ltr'><strong>cellae</strong></span> <span class='ocrx_word' id='word_1_188' title='bbox 664 2488 828 2568; x_wconf 78' lang='lat' dir='ltr'><strong>particeps,</strong></span> <span class='ocrx_word' id='word_1_189' title='bbox 857 2498 1037 2547; x_wconf 88' lang='lat' dir='ltr'><strong>secretorum</strong></span> <span class='ocrx_word' id='word_1_190' title='bbox 1061 2488 1216 2561; x_wconf 86' lang='lat' dir='ltr'><strong>conscius,</strong></span> <span class='ocrx_word' id='word_1_191' title='bbox 1236 2488 1320 2546; x_wconf 83' lang='lat' dir='ltr'><strong>testis</strong></span> 
     </span>
     <span class='ocr_line' id='line_1_26' title="bbox 232 2570 1320 2653; baseline 0.001 -24"><span class='ocrx_word' id='word_1_192' title='bbox 232 2588 267 2629; x_wconf 85' lang='lat' dir='ltr'><strong>ac</strong></span> <span class='ocrx_word' id='word_1_193' title='bbox 283 2588 380 2629; x_wconf 89' lang='lat' dir='ltr'><strong>comos</strong></span> <span class='ocrx_word' id='word_1_194' title='bbox 394 2570 546 2647; x_wconf 87' lang='lat' dir='ltr'><strong>assiduus,</strong></span> <span class='ocrx_word' id='word_1_195' title='bbox 567 2592 742 2653; x_wconf 79' lang='lat' dir='ltr'><strong>srcsnorum</strong></span> <span class='ocrx_word' id='word_1_196' title='bbox 755 2594 816 2631; x_wconf 89' lang='lat' dir='ltr'><strong>non</strong></span> <span class='ocrx_word' id='word_1_197' title='bbox 833 2572 984 2651; x_wconf 83' lang='lat' dir='ltr'><strong>ambiguus</strong></span> <span class='ocrx_word' id='word_1_198' title='bbox 1000 2574 1163 2652; x_wconf 86' lang='lat' dir='ltr'><strong>interpres,</strong></span> <span class='ocrx_word' id='word_1_199' title='bbox 1183 2574 1320 2650; x_wconf 86' lang='lat' dir='ltr'><strong>negotio-</strong></span> 
     </span>
     <span class='ocr_line' id='line_1_27' title="bbox 231 2657 1321 2734; baseline 0 -21"><span class='ocrx_word' id='word_1_200' title='bbox 231 2673 299 2713; x_wconf 88' lang='lat' dir='ltr'><strong>rum</strong></span> <span class='ocrx_word' id='word_1_201' title='bbox 319 2665 407 2733; x_wconf 89' lang='lat' dir='ltr'><strong>atqus</strong></span> <span class='ocrx_word' id='word_1_202' title='bbox 421 2657 589 2715; x_wconf 88' lang='lat' dir='ltr'><strong>studiorum</strong></span> <span class='ocrx_word' id='word_1_203' title='bbox 609 2657 725 2733; x_wconf 88' lang='lat' dir='ltr'><strong>socius,</strong></span> <span class='ocrx_word' id='word_1_204' title='bbox 746 2657 859 2717; x_wconf 89' lang='lat' dir='ltr'><strong>animae</strong></span> <span class='ocrx_word' id='word_1_205' title='bbox 880 2667 995 2734; x_wconf 90' lang='lat' dir='ltr'><strong>rector,</strong></span> <span class='ocrx_word' id='word_1_206' title='bbox 1017 2668 1063 2732; x_wconf 88' lang='lat' dir='ltr'><strong>et,</strong></span> <span class='ocrx_word' id='word_1_207' title='bbox 1085 2658 1111 2716; x_wconf 90' lang='lat' dir='ltr'><strong>si</strong></span> <span class='ocrx_word' id='word_1_208' title='bbox 1132 2658 1223 2732; x_wconf 85' lang='lat' dir='ltr'><strong>velis,</strong></span> <span class='ocrx_word' id='word_1_209' title='bbox 1245 2677 1321 2714; x_wconf 87' lang='lat' dir='ltr'><strong>con-</strong></span> 
     </span>
     <span class='ocr_line' id='line_1_28' title="bbox 232 2737 1322 2821; baseline 0.003 -26"><span class='ocrx_word' id='word_1_210' title='bbox 232 2738 370 2797; x_wconf 71' lang='lat' dir='ltr'><strong>scientiae</strong></span> <span class='ocrx_word' id='word_1_211' title='bbox 382 2740 500 2816; x_wconf 86' lang='lat' dir='ltr'><strong>arbiter,</strong></span> <span class='ocrx_word' id='word_1_212' title='bbox 524 2750 553 2799; x_wconf 86' lang='lat' dir='ltr'><strong>et</strong></span> <span class='ocrx_word' id='word_1_213' title='bbox 566 2737 773 2821; x_wconf 79' lang='grc' dir='ltr'><strong><em>πνευματικός.</em></strong></span> <span class='ocrx_word' id='word_1_214' title='bbox 814 2742 943 2821; x_wconf 77' lang='lat' dir='ltr'><strong>Antiqua</strong></span> <span class='ocrx_word' id='word_1_215' title='bbox 956 2741 1029 2801; x_wconf 88' lang='lat' dir='ltr'><strong>haec</strong></span> <span class='ocrx_word' id='word_1_216' title='bbox 1042 2763 1108 2820; x_wconf 59' lang='lat' dir='ltr'><strong>erpa</strong></span> <span class='ocrx_word' id='word_1_217' title='bbox 1122 2741 1322 2801; x_wconf 85' lang='lat' dir='ltr'><strong>Patrisrchsm</strong></span> 
     </span>
     <span class='ocr_line' id='line_1_29' title="bbox 232 2822 1323 2906; baseline 0.005 -28"><span class='ocrx_word' id='word_1_218' title='bbox 232 2822 362 2898; x_wconf 85' lang='lat' dir='ltr'><strong>Syncelli</strong></span> <span class='ocrx_word' id='word_1_219' title='bbox 381 2824 494 2885; x_wconf 78' lang='lat' dir='ltr'><strong>officis:</strong></span> <span class='ocrx_word' id='word_1_220' title='bbox 517 2825 689 2893; x_wconf 68' lang='lat' dir='ltr'><strong>⁸Anastasius</strong></span> <span class='ocrx_word' id='word_1_221' title='bbox 707 2828 784 2886; x_wconf 89' lang='lat' dir='ltr'><strong>enim</strong></span> <span class='ocrx_word' id='word_1_222' title='bbox 805 2827 964 2906; x_wconf 74' lang='lat' dir='ltr'><strong>Presbyter</strong></span> <span class='ocrx_word' id='word_1_223' title='bbox 978 2828 1046 2900; x_wconf 91' lang='lat' dir='ltr'><strong>illc,</strong></span> <span class='ocrx_word' id='word_1_224' title='bbox 1068 2846 1157 2904; x_wconf 85' lang='lat' dir='ltr'><strong>quem</strong></span> <span class='ocrx_word' id='word_1_225' title='bbox 1171 2824 1323 2883; x_wconf 79' lang='lat' dir='ltr'><strong>Nestorius</strong></span> 
     </span>
     <span class='ocr_line' id='line_1_30' title="bbox 234 2900 1322 2992; baseline 0.002 -27"><span class='ocrx_word' id='word_1_226' title='bbox 234 2900 285 2966; x_wconf 76' lang='lat' dir='ltr'><strong>bsai</strong></span> <span class='ocrx_word' id='word_1_227' title='bbox 307 2916 395 2983; x_wconf 76' lang='grc' dir='ltr'><strong><em>τιμῆς</em></strong></span> <span class='ocrx_word' id='word_1_228' title='bbox 417 2903 474 2985; x_wconf 80' lang='grc' dir='ltr'><strong><em>εἶχε</em></strong></span> <span class='ocrx_word' id='word_1_229' title='bbox 496 2915 624 2989; x_wconf 79' lang='grc' dir='ltr'><strong><em>πολλῆς,</em></strong></span> <span class='ocrx_word' id='word_1_230' title='bbox 651 2911 702 2972; x_wconf 80' lang='lat' dir='ltr'><strong>sul</strong></span> <span class='ocrx_word' id='word_1_231' title='bbox 727 2910 760 2973; x_wconf 76' lang='grc' dir='ltr'><strong>ἐν</strong></span> <span class='ocrx_word' id='word_1_232' title='bbox 783 2903 1117 2992; x_wconf 73' lang='grc' dir='ltr'><strong><em>πράγμασισυμβούλῳ</em></strong></span> <span class='ocrx_word' id='word_1_233' title='bbox 1138 2907 1262 2987; x_wconf 72' lang='grc' dir='ltr'><strong>ἐχρῆτο,</strong></span> <span class='ocrx_word' id='word_1_234' title='bbox 1289 2911 1322 2967; x_wconf 86' lang='lat' dir='ltr'><strong>iu</strong></span> 
     </span>
     <span class='ocr_line' id='line_1_31' title="bbox 234 2990 1321 3073; baseline 0.005 -27"><span class='ocrx_word' id='word_1_235' title='bbox 234 3008 347 3066; x_wconf 78' lang='lat' dir='ltr'><strong>magun</strong></span> <span class='ocrx_word' id='word_1_236' title='bbox 363 2990 472 3047; x_wconf 73' lang='lat' dir='ltr'><strong>hahuit</strong></span> <span class='ocrx_word' id='word_1_237' title='bbox 490 2992 614 3067; x_wconf 80' lang='lat' dir='ltr'><strong>honore,</strong></span> <span class='ocrx_word' id='word_1_238' title='bbox 637 2998 725 3051; x_wconf 80' lang='lat' dir='ltr'><strong>ouius</strong></span> <span class='ocrx_word' id='word_1_239' title='bbox 749 2997 886 3051; x_wconf 78' lang='lat' dir='ltr'><strong>consiliis</strong></span> <span class='ocrx_word' id='word_1_240' title='bbox 903 2998 937 3051; x_wconf 85' lang='grc' dir='ltr'><strong>ιἰι</strong></span> <span class='ocrx_word' id='word_1_241' title='bbox 953 2994 1042 3050; x_wconf 71' lang='lat' dir='ltr'><strong>rubus</strong></span> <span class='ocrx_word' id='word_1_242' title='bbox 1063 2992 1204 3072; x_wconf 79' lang='lat' dir='ltr'><strong>gerendis</strong></span> <span class='ocrx_word' id='word_1_243' title='bbox 1212 3033 1214 3036; x_wconf 94' lang='lat'>-</span> <span class='ocrx_word' id='word_1_244' title='bbox 1216 2994 1321 3073; x_wconf 76' lang='lat' dir='ltr'><strong>pluri-</strong></span> 
     </span>
     <span class='ocr_line' id='line_1_32' title="bbox 234 3072 1322 3160; baseline 0.01 -29"><span class='ocrx_word' id='word_1_245' title='bbox 234 3094 319 3134; x_wconf 84' lang='lat' dir='ltr'><strong>mum</strong></span> <span class='ocrx_word' id='word_1_246' title='bbox 333 3074 488 3149; x_wconf 76' lang='lat' dir='ltr'><strong>utebatur,</strong></span> <span class='ocrx_word' id='word_1_247' title='bbox 510 3078 613 3137; x_wconf 85' lang='lat' dir='ltr'><strong>scribit</strong></span> <span class='ocrx_word' id='word_1_248' title='bbox 626 3080 760 3136; x_wconf 87' lang='lat' dir='ltr'><strong>Socrates</strong></span> <span class='ocrx_word' id='word_1_249' title='bbox 776 3077 822 3151; x_wconf 73' lang='lat'><strong>⁸);</strong></span> <span class='ocrx_word' id='word_1_250' title='bbox 846 3076 972 3136; x_wconf 87' lang='lat' dir='ltr'><strong>Nestorii</strong></span> <span class='ocrx_word' id='word_1_251' title='bbox 987 3077 1081 3157; x_wconf 87' lang='lat' dir='ltr'><strong>ipsius</strong></span> <span class='ocrx_word' id='word_1_252' title='bbox 1093 3072 1238 3159; x_wconf 71' lang='grc' dir='ltr'><strong>διάπυρος</strong></span> <span class='ocrx_word' id='word_1_253' title='bbox 1253 3078 1322 3160; x_wconf 69' lang='grc' dir='ltr'><strong>ἔρα·</strong></span> 
     </span>
     <span class='ocr_line' id='line_1_33' title="bbox 237 3154 1323 3243; baseline 0.005 -24"><span class='ocrx_word' id='word_1_254' title='bbox 237 3154 325 3237; x_wconf 75' lang='grc' dir='ltr'><strong>σιής,</strong></span> <span class='ocrx_word' id='word_1_255' title='bbox 347 3155 383 3233; x_wconf 74' lang='grc' dir='ltr'><strong>ὃς</strong></span> <span class='ocrx_word' id='word_1_256' title='bbox 396 3158 446 3221; x_wconf 77' lang='lat' dir='ltr'><strong>sul</strong></span> <span class='ocrx_word' id='word_1_257' title='bbox 467 3155 651 3241; x_wconf 74' lang='grc' dir='ltr'><strong><em>συνέκδημός</em></strong></span> <span class='ocrx_word' id='word_1_258' title='bbox 665 3162 696 3224; x_wconf 84' lang='lat' dir='ltr'><strong>oi</strong></span> <span class='ocrx_word' id='word_1_259' title='bbox 706 3161 808 3243; x_wconf 74' lang='grc' dir='ltr'><em>γέγονε</em></span> <span class='ocrx_word' id='word_1_260' title='bbox 822 3158 899 3242; x_wconf 76' lang='grc' dir='ltr'><strong>πρός</strong></span> <span class='ocrx_word' id='word_1_261' title='bbox 910 3157 966 3241; x_wconf 70' lang='grc' dir='ltr'><strong>τὴν</strong></span> <span class='ocrx_word' id='word_1_262' title='bbox 976 3160 1142 3241; x_wconf 68' lang='grc' dir='ltr'><strong><em>ἐπισκοπὴν</em></strong></span> <span class='ocrx_word' id='word_1_263' title='bbox 1155 3156 1323 3243; x_wconf 65' lang='grc' dir='ltr'><strong><em>ἐπαίροντι,</em></strong></span> 
     </span>
     <span class='ocr_line' id='line_1_34' title="bbox 237 3243 1324 3326; baseline 0.006 -27"><span class='ocrx_word' id='word_1_264' title='bbox 237 3244 356 3299; x_wconf 82' lang='lat' dir='ltr'><strong>amicus</strong></span> <span class='ocrx_word' id='word_1_265' title='bbox 376 3243 500 3302; x_wconf 79' lang='lat' dir='ltr'><strong>ardenti·</strong></span> <span class='ocrx_word' id='word_1_266' title='bbox 511 3245 887 3325; x_wconf 68' lang='lat' dir='ltr'><strong>propensionedesu&#39;nctus</strong></span> <span class='ocrx_word' id='word_1_267' title='bbox 910 3251 1024 3322; x_wconf 74' lang='lat' dir='ltr'><strong>exsisto,</strong></span> <span class='ocrx_word' id='word_1_268' title='bbox 1046 3259 1074 3305; x_wconf 82' lang='lat' dir='ltr'><strong>et</strong></span> <span class='ocrx_word' id='word_1_269' title='bbox 1095 3250 1122 3303; x_wconf 81' lang='lat' dir='ltr'><strong>ei</strong></span> <span class='ocrx_word' id='word_1_270' title='bbox 1141 3267 1261 3326; x_wconf 82' lang='lat' dir='ltr'><strong>quoque</strong></span> <span class='ocrx_word' id='word_1_271' title='bbox 1278 3246 1324 3305; x_wconf 75' lang='lat' dir='ltr'><strong>ad</strong></span> 
     </span>
     <span class='ocr_line' id='line_1_35' title="bbox 235 3326 1322 3408; baseline 0.004 -23"><span class='ocrx_word' id='word_1_272' title='bbox 235 3326 454 3405; x_wconf 80' lang='lat' dir='ltr'><strong>Episoopatum</strong></span> <span class='ocrx_word' id='word_1_273' title='bbox 464 3333 599 3406; x_wconf 78' lang='lat' dir='ltr'><strong>profecto</strong></span> <span class='ocrx_word' id='word_1_274' title='bbox 617 3352 648 3389; x_wconf 85' lang='lat' dir='ltr'><strong>se</strong></span> <span class='ocrx_word' id='word_1_275' title='bbox 663 3335 730 3390; x_wconf 73' lang='lat' dir='ltr'><strong>viae</strong></span> <span class='ocrx_word' id='word_1_276' title='bbox 750 3334 866 3390; x_wconf 81' lang='lat' dir='ltr'><strong>socium</strong></span> <span class='ocrx_word' id='word_1_277' title='bbox 881 3331 1038 3401; x_wconf 75' lang='grc' dir='ltr'><strong><em>ιιιίἱιιιιιιίι,</em></strong></span> <span class='ocrx_word' id='word_1_278' title='bbox 1059 3331 1101 3389; x_wconf 86' lang='lat' dir='ltr'><strong>ait</strong></span> <span class='ocrx_word' id='word_1_279' title='bbox 1123 3332 1262 3408; x_wconf 77' lang='lat' dir='ltr'><strong>Euagrius</strong></span> <span class='ocrx_word' id='word_1_280' title='bbox 1277 3332 1322 3401; x_wconf 73' lang='grc' dir='ltr'><strong>ο)ι</strong></span> 
     </span>
     <span class='ocr_line' id='line_1_36' title="bbox 237 3408 1323 3493; baseline 0.007 -26"><span class='ocrx_word' id='word_1_281' title='bbox 237 3408 389 3490; x_wconf 87' lang='lat' dir='ltr'><strong>eidemque</strong></span> <span class='ocrx_word' id='word_1_282' title='bbox 403 3421 576 3490; x_wconf 86' lang='lat' dir='ltr'><strong>propterea,</strong></span> <span class='ocrx_word' id='word_1_283' title='bbox 598 3434 652 3473; x_wconf 89' lang='lat' dir='ltr'><strong>ceu</strong></span> <span class='ocrx_word' id='word_1_284' title='bbox 672 3415 916 3474; x_wconf 85' lang='lat' dir='ltr'><strong>coniunctissimo</strong></span> <span class='ocrx_word' id='word_1_285' title='bbox 936 3416 1097 3493; x_wconf 72' lang='lat' dir='ltr'><strong>syncello,</strong></span> <span class='ocrx_word' id='word_1_286' title='bbox 1117 3414 1270 3475; x_wconf 86' lang='lat' dir='ltr'><strong>homiliam</strong></span> <span class='ocrx_word' id='word_1_287' title='bbox 1289 3416 1323 3475; x_wconf 89' lang='lat' dir='ltr'><strong>in</strong></span> 
     </span>
     <span class='ocr_line' id='line_1_37' title="bbox 234 3493 1323 3578; baseline 0.005 -25"><span class='ocrx_word' id='word_1_288' title='bbox 234 3493 379 3574; x_wconf 83' lang='lat' dir='ltr'><strong>Deipsrae</strong></span> <span class='ocrx_word' id='word_1_289' title='bbox 404 3495 528 3572; x_wconf 78' lang='lat' dir='ltr'><strong>virginis</strong></span> <span class='ocrx_word' id='word_1_290' title='bbox 553 3497 678 3567; x_wconf 81' lang='lat' dir='ltr'><strong>dedecus</strong></span> <span class='ocrx_word' id='word_1_291' title='bbox 700 3509 728 3557; x_wconf 90' lang='lat' dir='ltr'><strong>ct</strong></span> <span class='ocrx_word' id='word_1_292' title='bbox 754 3500 949 3578; x_wconf 87' lang='lat' dir='ltr'><strong>opprobrium</strong></span> <span class='ocrx_word' id='word_1_293' title='bbox 967 3501 1148 3559; x_wconf 75' lang='lat' dir='ltr'><strong>recitandam</strong></span> <span class='ocrx_word' id='word_1_294' title='bbox 1170 3499 1323 3560; x_wconf 79' lang='lat' dir='ltr'><strong>Nestorius</strong></span> 
     </span>
     <span class='ocr_line' id='line_1_38' title="bbox 236 3579 1323 3660; baseline 0.007 -24"><span class='ocrx_word' id='word_1_295' title='bbox 236 3580 398 3655; x_wconf 87' lang='lat' dir='ltr'><strong>commisit,</strong></span> <span class='ocrx_word' id='word_1_296' title='bbox 427 3579 608 3660; x_wconf 86' lang='lat' dir='ltr'><strong>Theophane</strong></span> <span class='ocrx_word' id='word_1_297' title='bbox 629 3582 666 3641; x_wconf 88' lang='lat' dir='ltr'><strong>ad</strong></span> <span class='ocrx_word' id='word_1_298' title='bbox 687 3581 848 3643; x_wconf 79' lang='lat' dir='ltr'><strong>Theodosii</strong></span> <span class='ocrx_word' id='word_1_299' title='bbox 871 3584 997 3645; x_wconf 90' lang='lat' dir='ltr'><strong>Iunioris</strong></span> <span class='ocrx_word' id='word_1_300' title='bbox 1018 3605 1128 3645; x_wconf 87' lang='lat' dir='ltr'><strong>annum</strong></span> <span class='ocrx_word' id='word_1_301' title='bbox 1149 3584 1323 3660; x_wconf 82' lang='lat' dir='ltr'><strong>vigesimum</strong></span> 
     </span>
     <span class='ocr_line' id='line_1_39' title="bbox 236 3662 1358 3754; baseline 0.012 -36"><span class='ocrx_word' id='word_1_302' title='bbox 236 3662 357 3721; x_wconf 85' lang='lat' dir='ltr'><strong>tertium</strong></span> <span class='ocrx_word' id='word_1_303' title='bbox 373 3674 462 3740; x_wconf 88' lang='lat' dir='ltr'><strong>teste,</strong></span> <span class='ocrx_word' id='word_1_304' title='bbox 487 3666 721 3747; x_wconf 75' lang='grc' dir='ltr'><strong><em>ὃιεστριιμμὲνην</em></strong></span> <span class='ocrx_word' id='word_1_305' title='bbox 741 3666 859 3747; x_wconf 79' lang='grc' dir='ltr'><strong><em>ὁμιλίαν</em></strong></span> <span class='ocrx_word' id='word_1_306' title='bbox 871 3668 940 3751; x_wconf 79' lang='grc' dir='ltr'><strong>περὶ</strong></span> <span class='ocrx_word' id='word_1_307' title='bbox 958 3671 1082 3743; x_wconf 75' lang='grc' dir='ltr'><strong>πίστεως</strong></span> <span class='ocrx_word' id='word_1_308' title='bbox 1103 3668 1265 3731; x_wconf 74' lang='grc' dir='ltr'><strong><em>ἐκδέδωκεν</em></strong></span> <span class='ocrx_word' id='word_1_309' title='bbox 1281 3673 1324 3754; x_wconf 81' lang='lat' dir='ltr'><strong>spi</strong></span> <span class='ocrx_word' id='word_1_310' title='bbox 1354 3697 1358 3703; x_wconf 91' lang='lat'>·</span> 
     </span>
     <span class='ocr_line' id='line_1_40' title="bbox 235 3744 1322 3833; baseline 0.006 -26"><span class='ocrx_word' id='word_1_311' title='bbox 235 3744 345 3809; x_wconf 71' lang='grc' dir='ltr'><strong>ἑαυτοῦ</strong></span> <span class='ocrx_word' id='word_1_312' title='bbox 357 3748 520 3833; x_wconf 71' lang='grc' dir='ltr'><strong>Συγκέλλῳ.</strong></span> <span class='ocrx_word' id='word_1_313' title='bbox 562 3751 643 3811; x_wconf 78' lang='lat' dir='ltr'><strong>Adeo</strong></span> <span class='ocrx_word' id='word_1_314' title='bbox 659 3754 814 3832; x_wconf 89' lang='lat' dir='ltr'><strong>Syncellus</strong></span> <span class='ocrx_word' id='word_1_315' title='bbox 827 3754 1013 3814; x_wconf 87' lang='lat' dir='ltr'><strong>Potrisrchse</strong></span> <span class='ocrx_word' id='word_1_316' title='bbox 1026 3752 1195 3827; x_wconf 79' lang='lat' dir='ltr'><strong>lumilisris,</strong></span> <span class='ocrx_word' id='word_1_317' title='bbox 1216 3754 1322 3813; x_wconf 87' lang='lat' dir='ltr'><strong>eteius</strong></span> 
     </span>
     <span class='ocr_line' id='line_1_41' title="bbox 238 3830 1323 3919; baseline 0.009 -30"><span class='ocrx_word' id='word_1_318' title='bbox 238 3830 365 3909; x_wconf 82' lang='lat' dir='ltr'><strong>dignitus</strong></span> <span class='ocrx_word' id='word_1_319' title='bbox 380 3832 535 3911; x_wconf 77' lang='lat' dir='ltr'><strong>proxime,</strong></span> <span class='ocrx_word' id='word_1_320' title='bbox 556 3847 591 3895; x_wconf 93' lang='lat' dir='ltr'><strong>ut</strong></span> <span class='ocrx_word' id='word_1_321' title='bbox 604 3838 758 3898; x_wconf 82' lang='lat' dir='ltr'><strong>Timotheo</strong></span> <span class='ocrx_word' id='word_1_322' title='bbox 774 3838 852 3899; x_wconf 80' lang='lat' dir='ltr'><strong>vivis</strong></span> <span class='ocrx_word' id='word_1_323' title='bbox 865 3840 999 3916; x_wconf 74' lang='lat' dir='ltr'><strong>subluto,</strong></span> <span class='ocrx_word' id='word_1_324' title='bbox 1022 3838 1145 3896; x_wconf 89' lang='lat' dir='ltr'><strong>losnnes</strong></span> <span class='ocrx_word' id='word_1_325' title='bbox 1160 3837 1323 3919; x_wconf 74' lang='lat' dir='ltr'><strong>Cappadox</strong></span> 
     </span>
     <span class='ocr_line' id='line_1_42' title="bbox 237 3916 1323 4001; baseline 0.006 -26"><span class='ocrx_word' id='word_1_326' title='bbox 237 3916 395 3995; x_wconf 85' lang='lat' dir='ltr'><strong>Presbyter</strong></span> <span class='ocrx_word' id='word_1_327' title='bbox 414 3927 444 3975; x_wconf 91' lang='lat' dir='ltr'><strong>et</strong></span> <span class='ocrx_word' id='word_1_328' title='bbox 458 3920 611 3997; x_wconf 86' lang='lat' dir='ltr'><strong>Syncellus</strong></span> <span class='ocrx_word' id='word_1_329' title='bbox 627 3924 681 3980; x_wconf 72' lang='grc' dir='ltr'><strong>ΟΡ.</strong></span> <span class='ocrx_word' id='word_1_330' title='bbox 697 3922 839 3983; x_wconf 86' lang='lat' dir='ltr'><strong>thronum</strong></span> <span class='ocrx_word' id='word_1_331' title='bbox 861 3944 898 3983; x_wconf 86' lang='lat' dir='ltr'><strong>ex</strong></span> <span class='ocrx_word' id='word_1_332' title='bbox 910 3921 1090 4001; x_wconf 87' lang='lat' dir='ltr'><strong>Theophsne</strong></span> <span class='ocrx_word' id='word_1_333' title='bbox 1111 3924 1323 4001; x_wconf 86' lang='lat' dir='ltr'><strong>conscenderit,</strong></span> 
     </span>
     <span class='ocr_line' id='line_1_43' title="bbox 237 4000 1324 4087; baseline 0.004 -29"><span class='ocrx_word' id='word_1_334' title='bbox 237 4000 383 4060; x_wconf 80' lang='lat' dir='ltr'><strong>Anastasii</strong></span> <span class='ocrx_word' id='word_1_335' title='bbox 405 4002 548 4077; x_wconf 81' lang='lat' dir='ltr'><strong>senioris,</strong></span> <span class='ocrx_word' id='word_1_336' title='bbox 571 4015 600 4063; x_wconf 90' lang='lat' dir='ltr'><strong>et</strong></span> <span class='ocrx_word' id='word_1_337' title='bbox 621 4004 726 4065; x_wconf 86' lang='lat' dir='ltr'><strong>lustini</strong></span> <span class='ocrx_word' id='word_1_338' title='bbox 750 4007 862 4084; x_wconf 88' lang='lat' dir='ltr'><strong>pariter</strong></span> <span class='ocrx_word' id='word_1_339' title='bbox 881 4006 970 4086; x_wconf 90' lang='lat' dir='ltr'><strong>primi</strong></span> <span class='ocrx_word' id='word_1_340' title='bbox 994 4005 1173 4083; x_wconf 88' lang='lat' dir='ltr'><strong>temporibus</strong></span> <span class='ocrx_word' id='word_1_341' title='bbox 1193 4008 1324 4087; x_wconf 85' lang='lat' dir='ltr'><strong>Epiphs.</strong></span> 
     </span>
     <span class='ocr_line' id='line_1_44' title="bbox 237 4085 1324 4171; baseline 0.007 -28"><span class='ocrx_word' id='word_1_342' title='bbox 237 4085 306 4144; x_wconf 87' lang='lat' dir='ltr'><strong>nius</strong></span> <span class='ocrx_word' id='word_1_343' title='bbox 326 4088 483 4164; x_wconf 77' lang='lat' dir='ltr'><strong>syncellus</strong></span> <span class='ocrx_word' id='word_1_344' title='bbox 505 4087 623 4155; x_wconf 85' lang='lat' dir='ltr'><strong>loannis</strong></span> <span class='ocrx_word' id='word_1_345' title='bbox 641 4089 706 4150; x_wconf 89' lang='lat' dir='ltr'><strong>vice</strong></span> <span class='ocrx_word' id='word_1_346' title='bbox 726 4089 818 4149; x_wconf 84' lang='lat' dir='ltr'><strong>inerit</strong></span> <span class='ocrx_word' id='word_1_347' title='bbox 838 4090 1000 4155; x_wconf 76' lang='lat' dir='ltr'><strong>ordinatus.</strong></span> <span class='ocrx_word' id='word_1_348' title='bbox 1040 4090 1227 4153; x_wconf 71' lang='lat' dir='ltr'><strong>meusium</strong></span> <span class='ocrx_word' id='word_1_349' title='bbox 1248 4094 1324 4171; x_wconf 87' lang='lat' dir='ltr'><strong>Syn·</strong></span> 
     </span>
    </p>
   </div>
   <div class='ocr_carea' id='block_1_7' title="bbox 269 4262 1323 4430">
    <p class='ocr_par' dir='ltr' id='par_1_7' title="bbox 269 4262 1323 4430">
     <span class='ocr_line' id='line_1_45' title="bbox 269 4262 1323 4360; baseline 0.006 -25"><span class='ocrx_word' id='word_1_350' title='bbox 269 4262 304 4347; x_wconf 67' lang='grc' dir='ltr'><strong>Ε)</strong></span> <span class='ocrx_word' id='word_1_351' title='bbox 317 4282 376 4335; x_wconf 86' lang='lat' dir='ltr'><strong>Lib.</strong></span> <span class='ocrx_word' id='word_1_352' title='bbox 394 4284 419 4339; x_wconf 81' lang='lat'><strong>³.</strong></span> <span class='ocrx_word' id='word_1_353' title='bbox 437 4284 531 4338; x_wconf 87' lang='lat' dir='ltr'><strong>Obser.</strong></span> <span class='ocrx_word' id='word_1_354' title='bbox 548 4285 574 4338; x_wconf 90' lang='lat' dir='ltr'><strong>in</strong></span> <span class='ocrx_word' id='word_1_355' title='bbox 592 4286 716 4341; x_wconf 83' lang='lat' dir='ltr'><strong>Codlnum</strong></span> <span class='ocrx_word' id='word_1_356' title='bbox 734 4306 792 4357; x_wconf 86' lang='lat' dir='ltr'><strong>esp.</strong></span> <span class='ocrx_word' id='word_1_357' title='bbox 816 4287 859 4344; x_wconf 80' lang='lat'><strong>14.</strong></span> <span class='ocrx_word' id='word_1_358' title='bbox 926 4290 959 4360; x_wconf 87' lang='grc'><strong>7)</strong></span> <span class='ocrx_word' id='word_1_359' title='bbox 975 4288 1078 4344; x_wconf 87' lang='lat' dir='ltr'><strong>Notulls</strong></span> <span class='ocrx_word' id='word_1_360' title='bbox 1097 4289 1131 4345; x_wconf 88' lang='lat' dir='ltr'><strong>sd</strong></span> <span class='ocrx_word' id='word_1_361' title='bbox 1148 4290 1323 4359; x_wconf 82' lang='lat' dir='ltr'><strong>chrysostomi</strong></span> 
     </span>
     <span class='ocr_line' id='line_1_46' title="bbox 306 4349 1248 4430; baseline 0.012 -30"><span class='ocrx_word' id='word_1_362' title='bbox 306 4349 446 4419; x_wconf 77' lang='lat' dir='ltr'><strong>liturgiam</strong></span> <span class='ocrx_word' id='word_1_363' title='bbox 458 4354 574 4407; x_wconf 79' lang='lat' dir='ltr'><strong>adiectis·</strong></span> <span class='ocrx_word' id='word_1_364' title='bbox 643 4357 673 4425; x_wconf 79' lang='grc'><strong>8)</strong></span> <span class='ocrx_word' id='word_1_365' title='bbox 690 4358 748 4411; x_wconf 79' lang='lat' dir='ltr'><strong>bib.</strong></span> <span class='ocrx_word' id='word_1_366' title='bbox 768 4358 795 4413; x_wconf 84' lang='lat'><strong>7.</strong></span> <span class='ocrx_word' id='word_1_367' title='bbox 810 4377 868 4430; x_wconf 83' lang='lat' dir='ltr'><strong>esp.</strong></span> <span class='ocrx_word' id='word_1_368' title='bbox 881 4360 926 4417; x_wconf 77' lang='lat'><strong>³2.</strong></span> <span class='ocrx_word' id='word_1_369' title='bbox 992 4360 1024 4429; x_wconf 83' lang='lat'><strong>9)</strong></span> <span class='ocrx_word' id='word_1_370' title='bbox 1041 4361 1097 4415; x_wconf 75' lang='lat' dir='ltr'><strong>lib.</strong></span> <span class='ocrx_word' id='word_1_371' title='bbox 1112 4362 1139 4416; x_wconf 83' lang='lat'><strong>6·</strong></span> <span class='ocrx_word' id='word_1_372' title='bbox 1153 4375 1210 4429; x_wconf 83' lang='lat' dir='ltr'><strong>esp.</strong></span> <span class='ocrx_word' id='word_1_373' title='bbox 1221 4360 1248 4415; x_wconf 81' lang='grc'><strong>2.</strong></span> 
     </span>
    </p>
   </div>
   <div class='ocr_carea' id='block_1_8' title="bbox 0 0 1587 4959">
    <p class='ocr_par' dir='ltr' id='par_1_8' title="bbox 0 0 1587 4959">
     <span class='ocr_line' id='line_1_47' title="bbox 0 0 1587 4959; baseline 0 0"><span class='ocrx_word' id='word_1_374' title='bbox 0 0 1587 4959; x_wconf 95' lang='lat' dir='ltr'><strong> </strong></span> 
     </span>
    </p>
   </div>
  </div>
 </body>
</html>
