3109 4959
248 455 324 528 470
602 457 951 526 EMENDATIONES

248 629 280 684 et
296 617 382 679 annis
395 614 471 696 regis
487 615 551 676 loss
566 635 604 676 ex
617 613 772 693 Scriptura
785 623 814 673 et
827 612 924 672 Scalio
906 612 968 690 eri
979 613 1105 675 Eusebio
1112 616 1259 715 prolatis:
1275 617 1340 676 loss

247 725 321 766 vero
337 723 406 763 eum
420 700 614 762 annemundi
629 700 722 767 4652.
734 699 863 758 obeunte
877 699 1036 757 defunctus
1051 700 1135 760 annis
1150 702 1202 767 40.
1213 721 1340 782 regnum

248 788 380 848 tenuerit
395 807 433 847 ex
449 806 514 867 pag.
529 789 598 852 198.
613 805 675 843 non
689 785 746 843 nisi
765 786 859 850 4613.
876 783 972 887 potuit
984 783 1062 841 illud
1078 786 1169 848 adire.

332 873 400 950 Peg.
423 876 492 938 189.
513 868 577 932 Kal
598 865 794 948 ἐπωνόμασεν
807 861 913 974 αὐτὴν
932 864 1085 971 Σεμβήρ.]
1116 871 1242 972 [egos.
1267 870 1339 947 lleg.

250 977 316 1038 esp·
332 961 423 1023 ter
424 955 497 1022 ,24,
518 954 569 1017 sot
584 947 815 1016 ineneieoev
780 975 813 1014 ro
829 975 925 1031 ονομα
937 976 991 1014 του
1006 951 1114 1054 ὅρους,
1136 979 1173 1018 oo
1161 946 1340 1040 οἰκοδόμη-

250 1061 316 1121 σεν,
338 1041 387 1105 ἐπὶ
399 1045 442 1121 spi
457 1033 582 1145 ὀνόματι
593 1061 647 1100 roo
636 1039 769 1144 κυρίου
783 1040 838 1098 rori
852 1060 940 1118 ορονς
955 1032 1113 1118 Σεμηρῶν.

332 1103 492 1206 Ἀχααβ
458 1120 522 1198 νιός
513 1065 645 1203 μἈμβρὶ
669 1119 717 1200 ἔτη
736 1117 808 1202 ulli]
830 1123 874 1180 lte
890 1122 1009 1182 Latinus
1026 1123 1184 1184 Eusebius·
1209 1123 1340 1183 Graecas

250 1228 287 1271 ex
304 1211 453 1289 Scaligero
471 1232 527 1313 κη.
509 1202 720 1311 ‘typographi
736 1207 840 1266 forsan
856 1206 939 1269 vitio.

332 1296 401 1372 Peg.
425 1297 496 1360 190-
516 1285 600 1370 ’ζοχο
585 1291 693 1364 leg
660 1314 726 1363 νιος
736 1284 849 1370 Αχααβ
866 1289 916 1367 ἔτη
935 1281 971 1370 β
971 1288 983 1369 ]
1003 1291 1071 1349 Una
1093 1311 1162 1351 cum
1185 1299 1271 1372 patre
1286 1311 1340 1350 re-

248 1398 353 1458 gnasse
368 1377 554 1436 dernenstrnt
575 1375 713 1434 Petnvius
734 1375 770 1433 de
792 1376 875 1433 Dect.
890 1375 992 1454 Temp.
1008 1375 1059 1434 lib.
1074 1381 1103 1441 9.
1123 1398 1188 1456 esp.
1207 1378 1258 1442 55.
1282 1395 1341 1434 sn-

247 1463 317 1522 nuit
335 1459 453 1521 Autbor
475 1469 504 1519 et
528 1459 729 1518 coniecturam
750 1479 803 1518 suo
825 1459 941 1517 calculo
963 1459 1078 1519 brusat:
1106 1460 1201 1517 loram
1222 1459 1300 1518 eninr
1321 1481 1339 1518 a

248 1547 353 1606 mundi
369 1544 490 1620 cond-itu
503 1545 595 1610 4598.
612 1543 698 1604 fratri
710 1542 859 1602 Oclrozine
872 1543 1046 1602 successisse
1058 1544 1163 1624 poerit,
1178 1543 1341 1610 Oclroziam

249 1651 322 1691 rere
338 1631 430 1697 4597.
446 1648 569 1707 regnum
586 1627 706 1688 adiisse·
730 1627 888 1687 duobus
859 1628 951 1706 igitur
963 1629 1049 1687 aristis
1063 1649 1101 1689 ex
1114 1632 1144 1694 3.
1164 1631 1281 1706 Regum
1293 1629 1342 1686 ul·

248 1715 323 1776 timo
339 1714 433 1793 capite
446 1713 577 1773 tenuisse
587 1733 648 1771 non
664 1721 762 1794 potest
777 1733 915 1785 asser,ere
929 1711 987 1772 nisi
1002 1714 1137 1796 primum
1149 1713 1213 1774 eius
1228 1733 1342 1773 annum

247 1798 341 1882 patris
357 1797 457 1859 Achab
473 1818 552 1857 anrm
571 1807 721 1901 postremo
738 1807 942 1858 connumeret.

332 1884 399 1961 Peg.
423 1888 494 1949 191
514 1877 571 1944 ’lori
584 1881 633 1961 ἔτη
650 1907 704 1962 κη
689 1878 723 1962 ’.]
747 1882 877 1960 Sealroer
890 1878 945 1964 κβ
966 1882 1107 1942 Errorem
1121 1891 1192 1942 nota
1204 1881 1341 1964 penultr

246 1989 294 2029 nra
313 1967 500 2027 observatum
519 1968 577 2026 elio
591 1987 693 2027 errore
710 1976 891 2047 compensat.

331 2054 399 2132 Peg.
421 2058 491 2119 199.
513 2047 599 2126 Kerei
618 2055 726 2114 τοῦτον
745 2051 866 2134 γέγονεν
884 2048 907 2131 ἦ
924 2043 1029 2131 πρώτη
1046 2045 1231 2131 Ὀλυμπιάς]
1253 2050 1342 2110 llaud

246 2136 280 2196 in
293 2137 414 2214 Procae,
431 2136 505 2195 sed
496 2158 529 2196 m
542 2136 724 2196 successoris
740 2137 853 2196 Amulii
869 2136 1182 2216 ennosolympiadum
1196 2135 1342 2216 epocham

246 2219 414 2297 figendum,
436 2222 541 2295 decet,
563 2241 600 2280 ne
625 2220 677 2280 hie
690 2220 847 2298 longior‘
822 2242 897 2298 srm,
920 2219 1205 2298 chronologicarum
1222 2219 1341 2278 tabule-

247 2322 315 2363 rum
337 2303 496 2380 inspectio.
518 2305 658 2382 quocirca
680 2307 825 2364 sententie
846 2304 920 2366 haec
940 2306 974 2364 in
995 2307 1153 2385 proprium
1173 2306 1290 2375 locum,
1311 2311 1342 2360 et

249 2387 286 2446 (le
304 2386 416 2446 Amulii
434 2405 525 2462 regno
547 2387 718 2464 periocham
738 2390 931 2464 remittendo,
952 2388 990 2447 ob
1005 2389 1179 2466 religionem
1199 2388 1233 2444 iu
1250 2385 1341 2444 Celli-

248 2469 394 2552 grephum
410 2490 505 2528 meum
522 2469 618 2528 elieno
634 2469 701 2528 loeo
716 2480 832 2528 retenta
847 2481 900 2534 est.

331 2549 495 2635 Δαμαστὴς
508 2551 528 2616 si
539 2548 681 2635 Σιγιεύς]
704 2554 870 2614 Damastem
888 2552 1045 2632 Sigseoo
1010 2573 1099 2628 erro,
1123 2563 1208 2632 patre
1224 2552 1342 2652 llexip-

247 2657 288 2720 po
308 2648 428 2713 natum,
450 2637 595 2699 Herodoti
617 2646 823 2714 coaetaneum,
844 2658 946 2699 rerum
970 2597 1242 2718 antiquiisimerum
1260 2639 1341 2700 seri·-

247 2731 380 2830 piorem,
404 2682 614 2804 (leograpbum
629 2723 774 2782 celebrem
787 2733 932 2782 memorat
946 2723 1062 2783 Suidas

328 2802 528 2888 Ἀριστοτέλης
542 2833 559 2872 o
549 2806 764 2890 Φιλοΐστωρ.]
789 2809 829 2866 lle
845 2808 1072 2886 Ilebuspublieis
1088 2816 1117 2868 et
1132 2827 1235 2869 earum
1249 2808 1340 2887 origi·

247 2891 337 2950 nibus
355 2894 522 2998 praeclaros
534 2901 681 2951 tractatus
695 2893 895 2972 composuisse
907 2895 1001 2952 refert
1010 2893 1169 2955 Gesnerus.
1190 2895 1340 2972 Excerpta

248 2975 281 3038 ἔκ
304 2981 364 3037 τῶν
385 2970 603 3051 Ἀριστοτέλους
625 2981 782 3038 πολιτειῶν
811 2979 927 3055 profert
951 2978 1057 3037 Strabo
1075 2978 1135 3037 lib.
1151 2986 1179 3042 7.
1202 2999 1267 3058 cap.
1289 2983 1338 3044 20.

152 3063 185 3118 V.
203 3062 238 3120 te
252 3059 351 3120 Alium
367 3081 384 3118 n
398 3060 535 3140 Stagirite
553 3058 776 3118 Chalcidensem
794 3058 988 3119 historiarum
1008 3060 1184 3139 scriptorem
1198 3071 1340 3122 memorat

248 3143 370 3204 Vossius
387 3145 424 3202 de
441 3145 554 3207 Hister.
571 3143 691 3204 Graecis
708 3144 762 3206 lib.
777 3144 809 3210 4.
828 3148 959 3224 pnrtess.
982 3147 1132 3235 Stagiritie
1152 3148 1263 3228 scripte
1282 3146 1341 3206 lli·

248 3231 358 3289 storica
369 3231 509 3332 partis9.
516 3249 593 3336 esp.
609 3234 639 3296 9.
660 3229 715 3294 lib.
733 3228 873 3294 eiusdem.

336 3311 490 3377 Τόπον
451 3338 505 3395 της
516 3307 660 3392 Ὀπικῆς.]
681 3313 764 3375 luter
778 3314 957 3398 Campaniae
972 3314 1101 3397 populos
1113 3325 1248 3376 recenset
1261 3313 1340 3393 Opi-

250 3415 301 3454 cos
318 3398 424 3456 Strabo
438 3399 489 3461 lrb
505 3400 533 3463 5.
551 3418 615 3476 esp.
632 3403 682 3463 26.

333 3481 401 3556 Pag-
423 3485 493 3546 193
515 3480 669 3559 Καλλίας]
690 3479 847 3540 Laudes
822 3503 885 3542 erus
901 3483 935 3541 in
950 3482 1145 3561 Agathoclem
1162 3478 1340 3538 adulatorias

249 3563 343 3622 refert
364 3562 486 3639 Suidue,
508 3573 538 3622 et
559 3564 620 3622 eius
636 3565 809 3623 memoriam
829 3568 957 3629 damnat.
1008 3570 1247 3645 Syracusanum,
1273 3573 1302 3622 et
1322 3583 1340 3620 a

249 3647 447 3725 blitylenseo,
469 3655 498 3705 et
521 3647 615 3706 altero
635 3646 810 3708 Atheniensi
835 3649 985 3711 diversum
1011 3653 1197 3710 demonstrat
1219 3647 1340 3708 Vossius

250 3752 347 3813 nuper
358 3730 501 3808 allegatus
514 3725 567 3790 lib.
583 3737 611 3794 1.

337 3809 529 3896 Ξεννγόρας.]
553 3815 594 3872 lle
608 3813 696 3873 cuius
714 3815 834 3895 seriptis
850 3815 962 3877 Plinius
977 3817 1029 3876 lib.
1041 3819 1071 3883 5.
1087 3821 1160 3880 et7.
1175 3815 1338 3878 celebratur

248 3899 429 3980 allionysio
452 3896 701 3957 Halicarnassensi
721 3897 775 3957 lib.
797 3905 825 3964 1.
846 3898 968 3984 nntiq
966 3902 1054 3960 llom.
1077 3918 1138 3979 quo
1159 3899 1227 3974 loco
1250 3901 1336 3962 Urbis

249 3986 375 4066 origines
390 3991 534 4046 recenset.
577 3983 675 4042 Plura
681 3981 807 4041 Vossius
822 3982 874 4044 lib.
890 3988 965 4048 3.·

329 4069 410 4135 ‘oet
421 4093 455 4153 γε
470 4072 534 4130 xm
536 4064 619 4140 κιεύς
628 4060 814 4146 licentiosae]
835 4067 896 4140 Qui
913 4067 1038 4142 κτίσεις,
1060 4075 1089 4126 et
1105 4067 1259 4130 civitatum
1276 4069 1337 4130 ori·

248 4155 328 4234 gine·
339 4155 426 4216 libris
439 4153 573 4235 quinque
586 4152 771 4232 complexus,
784 4151 864 4210 inter
880 4150 954 4210 elios
967 4150 1095 4210 eiusdem
1108 4154 1235 4216 nominis
1249 4175 1337 4237 prae-

248 4240 344 4301 claros
357 4241 527 4342 scriptores
532 4237 638 4297 Vossio
657 4236 823 4298 celebretur
836 4236 874 4295 de
889 4235 965 4296 Hist.
983 4236 1102 4297 Graecis
1115 4238 1167 4297 lib.
1179 4243 1212 4306 3.

248 4405 300 4470 hb
317 4319 485 4492 5Kspppsipv
505 4315 567 4388 rino
560 4315 744 4408 Ktimene]
776 4321 933 4405 Ac'rprite
962 4321 1072 4387 dietam
1098 4323 1204 4384 scribit
1232 4321 1336 4384 Strabo
