3109 4959
262 428 338 506 488
635 435 980 506 EMENDATIONES

264 597 333 673 dm,
346 596 470 657 Eliscim
484 605 607 659 vontus
614 616 668 676 per
681 615 775 656 annos
788 593 929 654 undecim
945 615 962 651 ι
976 594 1079 656 mundi
1095 590 1342 666 4884.ὀι14895.

262 679 1020 826 ἓὲῗ.’818ᾟ.ῗὶ”8ῗὲ.ἶ“ἓῗῖ“ῗέἆῖῗῖι“ἕὲ
1036 681 1346 823 ἲξ.’ἳῖἷὲὶ“’.ῗί.ἱ“.ἒῖ“

263 849 376 909 minum
392 851 544 931 prseiigit,
565 860 595 911 et
612 870 688 930 quse
701 859 773 909 noto
792 785 917 930 siptima
934 848 1086 928 superiore
1095 784 1277 928 l:cripsimus
1296 848 1346 908 rel

265 935 483 994 emendavimus
499 936 653 994 manifeste
665 935 810 994 vindicat.
1145 977 1149 985 .

351 1012 464 1080 Τούτου
482 1017 577 1099 φησὶν
593 1023 638 1104 τῷ
650 1018 739 1103 τρίτῳ
759 1013 839 1098 ἔτει]
860 1016 896 1075 ln
910 1014 985 1075 heeo
996 1015 1066 1077 Not.
1087 1035 1156 1094 pag.
1180 1019 1232 1080 80.
1252 1016 1346 1076 relate

247 1101 368 1166 ,solbit
385 1104 522 1182 Scaliger.
566 1105 654 1182 Quae
673 1123 733 1160 non
750 1113 822 1160 sunt
839 1104 919 1158 tanti
940 1112 974 1159 ut
995 1103 1153 1174 confutare
1168 1101 1265 1159 velint.
1306 1101 1347 1159 tt

261 1205 323 1246 non
335 1185 383 1246 his
398 1187 577 1264 asserendis,
599 1187 651 1246 sed
666 1207 682 1244 e
701 1187 734 1245 B.
754 1185 918 1267 llippolyto
933 1185 1138 1263 recensendis,
1162 1194 1346 1244 momentum

261 1289 350 1330 omne
362 1280 466 1332 nostro
482 1270 608 1350 Georgio
626 1269 784 1350 pendebat.

349 1359 410 1419 Τοῦ
426 1353 460 1419 di
476 1350 592 1437 κόσμου
611 1347 726 1440 Ιθωὲςῖ]
753 1353 826 1412 Tres
844 1371 957 1412 menses
973 1351 1105 1412 loacbirn
1120 1352 1153 1410 in
1168 1372 1279 1411 annum
1294 1373 1347 1411 re-

262 1437 355 1516 cipit,
377 1440 428 1518 qui
446 1461 514 1500 essm
537 1460 615 1499 enno
636 1439 729 1506 489⁵.
752 1457 903 1514 regnesse,
925 1439 1101 1497 successoris
1121 1457 1191 1498 vero
1208 1436 1346 1496 Sedecim

261 1529 379 1601 tempus
392 1544 409 1580 a
422 1523 514 1590 4896.
528 1543 683 1582 numerare
697 1522 804 1602 incipit
819 1521 945 1581 Autbor.

346 1607 415 1684 Ptg.
431 1613 503 1674 220.
529 1612 589 1672 Τοῦ
603 1605 635 1672 di
648 1603 760 1687 κόσμον
774 1601 896 1690 ,bound
913 1608 986 1664 (lunt
1000 1603 1157 1681 primoeui
1168 1604 1252 1682 regni
1266 1625 1347 1664 sniso

261 1687 373 1750 ludoici
388 1692 493 1772 populi
510 1702 622 1772 portem
639 1692 789 1770 captivam
804 1690 962 1748 abduxerit
976 1687 1258 1764 Nabuchodonosor,
1279 1690 1347 1748 loa-

223 1799 227 1810 ·
262 1773 320 1832 cim
335 1785 442 1854 quarto
456 1775 592 1849 ineunte,
613 1776 707 1852 ipsius
719 1772 993 1832 Nabuchodonosor
1003 1772 1123 1830 exordia
1135 1774 1218 1832 nulla
1232 1775 1347 1832 ratione

262 1869 376 1935 queunt
394 1860 426 1919 in
442 1859 546 1930 mundi
562 1861 655 1924 4887.
665 1857 825 1918 incurrere.
870 1861 897 1921 1.
920 1855 1009 1929 Quod
1026 1866 1149 1933 quartus
1165 1857 1273 1916 loacisn
1290 1878 1348 1916 an-

261 1959 317 1999 nus
332 1942 365 2000 in
378 1944 473 2010 4884.
487 1943 600 2004 incidat
617 1943 650 2001 in
663 1942 775 2001 vitiatis
788 1940 911 2016 tabulis,
932 1941 1062 2018 adeoque
1076 1941 1184 1998 loscirn
1203 1952 1232 2000 et
1245 1942 1348 2000 Nabu-

262 2022 450 2086 chodonosor
469 2028 539 2088 enni
556 2027 718 2087 secmidurn
738 2025 892 2085 historiam
911 2025 1076 2098 confligunt
1094 2025 1133 2082 od
1151 2025 1288 2084 invicem.
1315 2033 1348 2093 2.

264 2109 337 2166 Cum
357 2121 479 2187 quartus
495 2111 604 2170 loacim
618 2121 647 2168 et
660 2110 934 2170 Nabuchodonosor
948 2109 1061 2185 primus
1076 2109 1276 2185 Badylonicac
1295 2131 1348 2167 ca-

262 2190 395 2269 ptiviuti
409 2193 543 2250 dederint
557 2193 692 2264 initium,
713 2191 749 2248 ob
763 2185 886 2263 iisdem,
910 2192 982 2248 dum
994 2200 1093 2246 tanton
1114 2194 1219 2250 inuredi
1238 2194 1349 2272 vulga-

263 2292 312 2333 res
337 2273 407 2332 anni
428 2264 624 2349 concurrant,
650 2274 688 2332 ad
713 2274 785 2352 Cyri
812 2273 939 2351 primunr
962 2273 1146 2351 septuaginta
1168 2275 1349 2352 captivitatis

264 2357 336 2416 suni
357 2367 567 2432 numerantem
602 2357 654 2435 qui
682 2356 877 2416 nibilominus
901 2375 996 2434 neque
1018 2376 1035 2412 e
1058 2355 1166 2413 loacim
1190 2367 1295 2434 ‹pusi-to
1318 2368 1350 2418 et

263 2440 371 2501 mundi
384 2442 476 2508 4887.
492 2461 613 2522 nequeo
624 2441 895 2501 Nabuchodonosor
906 2442 1003 2519 primo
1017 2448 1047 2498 et
1061 2440 1163 2498 muudi
1174 2441 1266 2506 4888.
1280 2464 1348 2522 pos-

263 2535 334 2585 sunt
347 2527 502 2603 recenseri,
521 2527 745 2586 excurrentibus
760 2525 858 2604 quoad
870 2525 1044 2584 ludaeorum
1059 2544 1161 2602 regum
1175 2536 1348 2603 computum

264 2610 348 2670 ennio
368 2609 463 2671 tribus
480 2610 530 2670 vel
547 2620 690 2690 quatuor,
712 2619 741 2670 et
758 2609 994 2670 redundantibus
1009 2608 1120 2689 pariter
1135 2609 1168 2668 in
1182 2609 1349 2670 Chaldaeo-

262 2713 329 2756 rum
343 2713 442 2773 regum
458 2695 600 2755 eetstibue
615 2695 700 2754 sonis
714 2693 816 2755 solidis
830 2694 968 2772 quinque.
990 2695 1031 2752 Ut
1046 2694 1123 2752 enim
1136 2695 1239 2752 mundi
1255 2697 1347 2760 4883.

263 2777 350 2837 debet
368 2798 431 2838 esse
449 2778 556 2838 loeeim
578 2790 711 2857 quartus
725 2787 755 2839 et
774 2777 1047 2838 Nabuchodonosor
1066 2778 1181 2856 primus
1193 2779 1226 2838 io
1238 2780 1348 2840 tabulis

264 2861 442 2938 emendetis,
461 2872 497 2922 ut
509 2861 546 2922 eb
561 2883 595 2922 eo
612 2862 851 2942 septuagenarius
866 2881 1014 2923 annorum
1031 2862 1212 2940 captivitatis
1232 2884 1347 2943 proce-

264 2943 316 3006 dst
329 2965 485 3020 numerus,
506 2955 597 3026 prout
610 2948 709 3026 quoad
724 2947 848 3006 ludaeos
861 2966 964 3024 regum
975 2945 1120 3005 rationem
1133 2947 1348 3008 demonstravit
1469 3017 1474 3025 ¹

262 3027 414 3089 Librarius
429 3049 466 3090 ex
481 3028 612 3090 luthere
626 3049 693 3110 pag.
714 3036 787 3098 217.
811 3032 847 3090 Α.
869 3040 899 3090 et
919 3034 992 3097 228.
1010 3031 1043 3089 Β.
1056 3040 1086 3089 et
1101 3052 1155 3090 nos
1169 3031 1202 3090 in
1217 3032 1347 3093 eiusdem

262 3131 331 3194 pag.
354 3113 435 3199 notis
456 3112 692 3195 observavimus,
714 3114 756 3174 ite
774 3114 900 3194 quilibet
920 3115 1053 3174 calculus
1071 3114 1152 3174 bisce
1170 3118 1346 3192 contrarius,

261 3217 374 3278 prsrns
391 3199 511 3258 omnino
527 3200 678 3278 falsusque
690 3198 894 3261 declarandus.
935 3199 1028 3259 Error
1046 3198 1139 3276 igitur
1159 3201 1241 3260 omni
1260 3201 1346 3262 venis

263 3281 359 3342 maior
372 3281 409 3342 sb
422 3280 555 3343 duthore
567 3283 727 3353 admissus.
748 3285 801 3362 qui
813 3285 865 3343 ubi
879 3281 1110 3361 chronologicos
1128 3284 1254 3364 epochas
1281 3305 1348 3344 ccr-

263 3363 355 3426 tiores
374 3386 408 3425 sc
429 3367 567 3427 clariores
586 3368 673 3428 debet
695 3369 864 3443 ostendere,
886 3388 920 3426 eo
935 3368 1027 3446 magis
1043 3369 1179 3427 contusas
1195 3377 1225 3426 et
1238 3367 1349 3427 obsca-

264 3446 360 3507 m‘ores
385 3449 591 3528 repraesentet.
632 3451 801 3529 Castigandi
828 3452 937 3511 erroris
963 3451 1058 3530 gratia
1082 3452 1245 3511 nonnullus
1264 3451 1348 3509 labor

266 3529 487 3609 suscipiendus,
508 3543 537 3592 et
550 3533 629 3594 unde
648 3536 826 3613 processerit
839 3534 1066 3595 coniiciendum.
1108 3533 1242 3594 Athaliae
1258 3555 1348 3612 regno

266 3633 321 3674 sex
333 3633 428 3673 annos
444 3614 587 3675 duntoxot
597 3617 730 3696 plerique
746 3619 927 3696 chronologi
942 3619 1109 3695 resignante
1135 3617 1184 3676 eui
1206 3614 1348 3696 Georgius

265 3717 330 3758 non
347 3708 459 3776 septem
472 3697 576 3774 modo,
600 3700 651 3758 sed
665 3711 695 3760 et
706 3703 805 3760 octavi
815 3703 943 3778 spatium
960 3702 1039 3759 inter
1058 3720 1151 3758 sirnos
1172 3702 1277 3761 mundi
1298 3723 1349 3763 re·

264 3780 394 3862 linquit,
412 3781 451 3842 de
470 3801 530 3859 quo
548 3781 682 3861 superius
705 3783 783 3863 inp.
803 3789 875 3850 187.
895 3785 992 3844 notis:
1014 3783 1137 3842 loschsz
1158 3786 1271 3866 paritor
1288 3797 1348 3849 tres

266 3886 380 3927 menses
401 3865 435 3926 in
454 3864 573 3926 slterius
596 3867 672 3944 regie
692 3875 826 3947 tempore
850 3869 936 3926 lacile
959 3866 1154 3927 continendos
1181 3870 1215 3930 in
1236 3892 1347 3933 annum

265 3959 429 4012 vertentem
442 3960 472 4011 et
484 3950 651 4010 absolutum
664 3950 808 4029 imputet:
836 3963 866 4010 et
888 3970 1025 4010 excusus
1041 3950 1129 4028 licet,
1150 3962 1185 4013 ut
1205 3975 1244 4032 en
1263 3968 1347 4039 perte

266 4034 451 4095 vindicetum
472 4045 533 4110 est,
560 4033 668 4094 exinde
681 4035 782 4092 nehus
804 4033 946 4108 oriretur,
966 4034 1096 4114 amplum
1112 4037 1184 4098 adeo
1199 4049 1299 4101 minen
1318 4051 1348 4102 et

267 4138 386 4178 enorme
400 4130 444 4178 est
464 4119 654 4200 intervallum
673 4119 810 4198 apopuli
826 4137 863 4178 ex
876 4119 1009 4200 Aegypto
1022 4119 1202 4197 profectione
1218 4126 1257 4184 ad
1270 4136 1347 4185 tem-

268 4203 352 4280 plum
371 4205 557 4264 eSalomone
573 4202 744 4277 eonditum,
765 4212 801 4262 ut
812 4222 851 4261 ex
865 4204 949 4261 annis
968 4202 1037 4262 Heli
1054 4205 1156 4283 viginti
1180 4219 1210 4267 et
1227 4210 1346 4290 paribus

268 4287 395 4345 samueli
415 4288 584 4365 astipulatis,
612 4297 735 4366 totoque
758 4286 855 4366 spatio
878 4289 948 4353 659.
977 4309 1138 4367 annorum,
1164 4294 1201 4351 do
1226 4313 1286 4372 quo
1304 4292 1347 4352 -sd

268 4386 333 4448 με.
349 4370 418 4437 tro.
431 4373 511 4433 notis
525 4373 619 4433 eutius
632 4371 673 4434 eit
685 4370 868 4450 rescindere,
890 4391 977 4453 quem
995 4373 1068 4436 adeo
1091 4376 1245 4458 copiosum
1262 4395 1347 4436 esse-
