3109 4959
225 435 300 508 402
592 440 935 510 nunnonrtortus

222 600 351 662 exhibet.
393 601 521 678 Septima
535 609 565 660 et
575 598 711 659 vicesima
728 598 830 659 latins
844 598 928 657 annis
943 601 972 664 8.
988 596 1046 658 hae
1060 597 1171 658 Graeca
1187 597 1310 658 brevior

222 696 288 747 ests
310 685 389 764 quod
402 705 480 744 surm
494 685 634 743 nimirum
649 683 731 744 Darii
747 683 856 742 xerxis
871 684 925 742 sdii
940 690 989 749 11.
1005 684 1132 742 obeunte
1145 683 1309 764 Aegyptio-

222 792 290 831 rum
305 789 429 847 regnum
444 769 625 848 reparaverit
644 767 830 847 Nepherites:
852 790 907 844 qua
924 771 1036 846 pariter·
1051 770 1165 827 ratione
1180 766 1309 846 Camby-

223 856 262 914 sis
281 873 376 913 asinus
397 853 509 932 primus
526 854 640 913 dureris
664 853 802 932 Aegyptii
825 854 981 930 Dynastiae
998 853 1158 932 superioris
1180 852 1256 932 regis
1277 859 1307 918 8.

223 959 334 999 annum
349 949 529 1019 postremum
545 947 672 1018 occupet
686 939 885 1016 contemplare
900 938 977 1017 apud
989 938 1150 996 Eusebium
1159 937 1308 996 Latinum.

223 1024 365 1103 Dynrstio
380 1029 432 1090 29.
449 1024 480 1080 in
496 1022 631 1082 versione
646 1019 821 1101 Hieronymi
836 1024 928 1080 solius
939 1032 982 1081 est
993 1019 1159 1101 Nepheritis
1174 1022 1260 1079 antris
1277 1021 1307 1085 5.

224 1105 289 1188 (qui
310 1113 341 1172 6.
364 1108 425 1184 iric)
448 1101 592 1166 duntaxat
612 1106 770 1186 reptantis.
816 1107 955 1183 ttynastia
970 1112 1021 1171 30.
1040 1127 1120 1183 reges
1134 1116 1194 1165 tres
1209 1107 1307 1164 seium

224 1193 374 1259 eontinet.
399 1191 538 1252 Acherini
561 1193 647 1251 annis
668 1198 717 1257 11.
739 1191 810 1270 (qui
830 1195 879 1255 13.
901 1186 971 1273 hic)
995 1189 1204 1250 l'senrmutlrim
1225 1196 1254 1254 1.
1278 1196 1310 1248 et

223 1276 432 1356 Artapheritem
446 1275 597 1336 mensibus
612 1277 642 1340 4.
657 1276 847 1352 imperantes.
890 1277 1021 1334 Additur
1035 1275 1237 1346 Nectenebus‚
1259 1293 1310 1332 ex.

224 1358 338 1442 puncto
358 1360 471 1434 Moliri,
492 1363 578 1419 unms
605 1365 654 1425 18.
686 1361 759 1419 Teos
782 1368 812 1424 2.
840 1369 869 1417 et
889 1361 1072 1419 Nectarsebus
1095 1361 1170 1418 alter
1191 1360 1310 1418 duobus

221 1447 333 1508 iterum
352 1465 490 1520 regirans:
516 1446 567 1524 qui
583 1464 684 1520 regum
708 1445 800 1503 trium
819 1446 1017 1522 posteriorum
1037 1443 1152 1503 numeri
1166 1454 1236 1503 sunt
1252 1443 1313 1524 ipsi

225 1532 277 1608 qui
291 1529 409 1606 regibus
422 1531 526 1587 iisdem
544 1530 573 1586 in
590 1529 722 1586 Africani
741 1529 882 1605 Dysrsstia
900 1532 951 1592 30.
974 1529 1254 1587 accommodantur:
1273 1547 1312 1586 ex

224 1634 285 1692 quo
308 1612 440 1670 Africani
458 1606 627 1688 Dynastiarn
644 1611 822 1668 tricesimam
842 1631 911 1668 itinn
932 1610 1096 1668 Eusebiane
1118 1621 1314 1671 commutan-

223 1697 290 1756 dam
307 1689 454 1752 existimo.
500 1698 653 1752 Caeterum
669 1698 780 1752 Graeca
797 1695 954 1772 [ntinaque
977 1715 1077 1771 regum
1100 1697 1220 1754 nomina
1235 1717 1311 1774 pro·

223 1780 333 1840 tutione
346 1799 556 1854 nonnunquam
572 1778 770 1837 diversissima
785 1777 865 1836 inter
878 1778 975 1836 varies
991 1779 1134 1837 lectiones
1147 1779 1242 1839 literis
1252 1800 1312 1861 pe·

222 1865 302 1922 nitus
316 1862 420 1921 iisdem
434 1862 539 1920 referri
552 1864 729 1939 quandoque
746 1862 985 1940 conspiciuntur.

306 1963 374 2036 Peg.
397 1967 446 2028 78.
463 1959 539 2039 ’'Erq
561 1955 621 2040 φ’.]
650 1963 716 2020 Une
743 1962 881 2041 dempto:
905 1963 955 2022 vel
975 1972 1055 2022 eerte
1076 1962 1169 2027 2243.
1190 1963 1314 2024 ineante

225 2051 292 2107 Sem
309 2047 411 2122 genuit
426 2046 597 2126 drplraxad.

307 2144 406 2233 ,βτοηῖ
431 2147 487 2208 ἔτει
502 2151 558 2209 τοῦ
573 2140 708 2225 κόσμου]
732 2146 871 2206 Nascitur
879 2144 1041 2225 Arpiraxad
1057 2167 1136 2205 anno
1150 2156 1220 2226 post
1233 2168 1314 2209 cres·

223 2244 287 2293 tum
303 2233 406 2292 orbem
424 2233 516 2297 2243.
539 2231 689 2309 trigesime
711 2231 817 2310 deinde
837 2241 869 2290 et
887 2232 990 2310 quinto
1005 2251 1097 2312 supra
1118 2231 1313 2292 centesimum

223 2318 338 2398 prolem
360 2317 501 2394 suscipit:
523 2337 583 2374 non
607 2316 697 2394 igitar
720 2318 777 2374 alio
795 2310 887 2394 ¹'quarn
904 2337 989 2375 aerae
1004 2317 1112 2376 mundi
1132 2321 1226 2383 2308.
1256 2318 1316 2376 Hie

224 2412 322 2462 eutem
340 2400 555 2474 nonLibrarii,
577 2402 628 2459 sed
650 2399 742 2480 ipsius
761 2400 902 2460 Autiroris
920 2421 1004 2461 error
1025 2423 1153 2480 parvus,
1174 2410 1208 2460 at
1228 2403 1314 2461 aiunt

223 2487 262 2546 in.
276 2485 427 2564 principio
448 2494 478 2542 et
499 2484 530 2541 in
552 2484 727 2543 immensum
753 2506 901 2560 er·escens;
923 2486 1048 2544 diversis
1067 2487 1146 2544 enim
1159 2486 1314 2546 variorum

224 2572 405 2648 scriptorum
426 2567 578 2625 codicibus
598 2588 688 2643 usus,
711 2559 791 2627 inter
816 2591 891 2647 quos
909 2569 1044 2628 Africani
1065 2569 1234 2629 Chronieon
1251 2572 1312 2630 Ar-

223 2653 343 2738 phsxad
358 2651 501 2732 epocham
518 2671 578 2709 uno
592 2672 671 2709 ortno
688 2673 777 2728 quam
791 2655 891 2727 exigat
905 2654 982 2711 ratio
996 2655 1195 2732 superiorem,
1217 2655 1249 2715 id
1264 2664 1313 2714 est

224 2738 290 2818 ipso
312 2738 417 2796 diluvii
440 2755 518 2793 atino
536 2745 686 2808 statuens,
709 2737 746 2792 ab
769 2757 822 2808 eo,
843 2736 894 2794 ubi
919 2753 986 2795 eum
1007 2739 1155 2814 sequitur,
1175 2740 1260 2810 falsi,
1281 2749 1313 2798 et

224 2843 303 2880 anno
328 2841 389 2879 ano
410 2819 532 2878 minoris
550 2819 686 2898 computi
705 2821 833 2878 desumit
858 2822 1044 2902 frequentius
1067 2842 1194 2878 «tensam.
1242 2824 1313 2896 Quo

165 2943 175 2954 ι
223 2906 259 2978 stt
283 2915 318 2964 ut
337 2904 452 2962 «duobus
467 2903 554 2962 etiarn
568 2905 819 2986 coniunctissimis
838 2905 911 2963 locis
931 2906 969 2962 de
989 2906 1144 2987 eadetnre
1160 2907 1314 2984 loquutus,

224 2989 313 3048 modo
335 2989 367 3046 in
384 3009 494 3060 unum,
518 2989 607 3045 modo
624 2989 654 3043 in
674 2999 860 3065 sequentem,
885 3009 949 3047 eam
965 2990 1105 3047 coniiciat
1124 3011 1252 3049 annuens
1276 2992 1315 3050 de

223 3073 383 3150 terngravi
399 3071 633 3130 hallucinatione
648 3073 756 3149 passim
774 3071 949 3131 o&·ur·rente
964 3073 997 3131 in
1010 3081 1104 3148 textu,
1125 3075 1236 3153 passim
1253 3095 1315 3134 no-

223 3167 321 3219 torum
338 3157 438 3216 eadem
452 3155 566 3213 monite
582 3165 665 3232 coget
680 3157 850 3235 repetenda.

296 3253 378 3331 Ἕως
393 3261 447 3319 τοῦ
462 3253 566 3339 propt]
587 3257 747 3316 Confirmat
761 3257 811 3315 hic
824 3277 966 3315 numerus
977 3257 1201 3334 praecedentem
1213 3279 1314 3319 emen·

223 3343 387 3417 moenem,
410 3351 439 3398 et
457 3341 565 3399 exinde
580 3350 640 3401 tres
652 3342 866 3420 subsequentes
881 3343 1004 3422 expetit.

307 3437 358 3504 ’Eu
372 3441 557 3522 τρισμυρίοις
571 3439 666 3503 ἔτεσιν
682 3441 733 3505 καὶ
750 3437 830 3526 pust]
843 3443 955 3501 Novem
972 3463 1026 3522 per
1038 3446 1131 3515 3600.
1152 3442 1242 3503 ducta
1254 3463 1314 3503 ne·

222 3549 290 3590 vem
317 3549 399 3586 seros
421 3535 619 3604 componunt,
644 3526 702 3585 hoe
722 3537 765 3585 est
789 3528 904 3586 dierum
919 3528 1033 3592 30400.
1050 3548 1204 3586 summanr.
1245 3530 1314 3588 nuo

224 3634 278 3694 per
291 3617 363 3678 600.
382 3611 472 3670 ducta
488 3610 619 3669 reddunt
641 3617 729 3676 1200.
749 3611 824 3670 dum
840 3613 979 3671 nimirum
1002 3631 1106 3670 neres:
1137 3613 1214 3670 Octo
1229 3612 1314 3670 deni.

221 3718 282 3776 que
299 3717 353 3775 per
371 3700 420 3760 60.
441 3695 530 3752 ducta
548 3697 620 3759 480.
645 3696 824 3770 curdiriunt,
846 3707 916 3755 oete
931 3695 1070 3755 videlieet
1090 3717 1197 3754 sessos.
1240 3697 1315 3758 'rri-

223 3782 280 3842 bus
295 3795 387 3858 p'orro
399 3778 523 3838 summis
538 3780 600 3838 istis
615 3779 792 3838 adinvicem
806 3781 915 3841 iunctis
931 3789 1081 3857 exurgunt
1093 3781 1219 3856 dierum,
1238 3800 1314 3860 quos

224 3864 397 3945 Polyhistor
415 3883 510 3920 annos
526 3875 625 3934 vocat,
647 3864 794 3942 myriades
813 3875 891 3937 tres,
912 3875 1017 3944 quater
1038 3864 1148 3940 aridia,
1170 3875 1315 3925 etoeto-

224 3950 315 4029 ginta.
360 3950 465 4009 Decem
479 3947 677 4009 redundantes
693 3950 730 4019 de
744 3970 798 4008 suo
814 3951 965 4010 Librarius
981 3948 1128 4028 apposuit.

299 4046 374 4128 ''Eeq
386 4044 496 4127 ἦλιακᾶ
510 4039 569 4110 ὅδ’.
587 4049 638 4110 καὶ
653 4056 752 4131 μῆνας
770 4046 823 4132 η’.]
848 4052 911 4111 Nisi
927 4051 1037 4110 solares
1054 4070 1166 4124 annos,
1187 4046 1226 4108 de
1241 4045 1313 4128 qui-

224 4132 280 4194 bus
297 4153 335 4194 ex
349 4133 520 4194 Alexandro
534 4134 720 4213 Polyhistore
734 4135 878 4196 Audieris
895 4154 1007 4208 sermo,
1028 4154 1067 4192 ex
1082 4134 1230 4193 tricenum
1244 4134 1312 4192 die-

224 4237 293 4278 rum
308 4217 457 4294 mensibus
472 4223 519 4284 12.
537 4221 612 4279 velis
631 4221 827 4299 compositos,
849 4219 909 4280 hoe
924 4228 970 4278 est
984 4219 1088 4278 diebus
1104 4219 1174 4277 solis
1187 4221 1261 4284 360.
1278 4216 1315 4274 in

224 4301 290 4364 dies
304 4306 416 4369 34080.
428 4322 574 4382 nusquam
591 4306 739 4380 resolves,
760 4305 850 4366 idest
870 4305 902 4364 in
924 4325 1010 4369 caros,
1020 4306 1049 4368 9.
1064 4323 1152 4362 ueros
1167 4310 1196 4370 2
1213 4320 1313 4360 sesses

224 4396 303 4449 aeto.
337 4386 502 4466 Nonaginta
521 4387 664 4467 siquidem
680 4399 810 4468 quatuor·
829 4409 884 4472 per
904 4393 976 4457 360.
995 4388 1098 4465 dueta,
1118 4390 1237 4454 00810·
1258 4403 1313 4444 ⁸¹·
