3109 4959
526 439 587 508 ET
608 432 964 506 ANNOTATIONES.
1226 419 1302 494 361

281 595 349 674 Peg.
371 598 422 663 83.
441 598 536 658 Esaia
551 588 665 678 ,mahil
707 592 751 652 Ut
770 592 922 652 Panodori
944 611 1056 652 annea
1076 587 1187 650 Christi
1201 587 1296 648 ineu-

194 679 315 756 „nahulis
329 682 410 746 «111.¹
424 680 675 756 chronologicum
695 698 772 756 opus
787 679 884 736 moliti
902 677 1003 756 lapsus
1025 684 1160 757 reparet,
1186 694 1221 733 ac
1234 693 1295 754 pe-

196 766 301 828 riculis
325 786 363 824 ex
386 765 449 824 eius
468 764 597 824 lectione
623 763 840 838 emergentibus
864 762 979 821 obviam
1010 762 1054 822 ire
1074 760 1226 834 videatur,
1256 777 1295 818 ex

197 851 262 910 eius
276 870 367 930 opere
383 849 531 910 Chronico
544 848 636 908 verba
651 846 736 920 haec,
757 856 793 906 ut
806 868 908 906 sumus
922 848 1056 927 praelati,
1070 843 1187 905 Author
1196 845 1295 904 Geor-

196 935 262 1014 gius
281 937 394 995 referre
419 942 597 1015 perseverat.
640 933 679 992 Et
699 932 799 992 Berosi
821 933 938 1012 quidem
955 931 1201 1008 hlanetlronisque
1223 949 1295 990 sen-

196 1020 338 1090 tentiam,
360 1018 450 1093 huius
467 1018 697 1099 Aegyptiorum,
724 1018 807 1078 illius
833 1017 1050 1076 Chaldaeorum
1071 1014 1213 1092 imperia,
1241 1033 1297 1093 per

197 1109 347 1171 annbrurn
359 1105 475 1184 aliquot
487 1106 637 1184 myriadas
650 1114 719 1162 ante
733 1103 880 1162 diluuium
891 1100 1095 1174 statuentium,
1108 1097 1216 1177 quibus
1229 1107 1297 1176 pot·

196 1199 242 1250 est
264 1201 491 1270 oppugnaturus
514 1189 683 1267 rationibus
699 1189 848 1248 Anianum
870 1188 1119 1264 Panodorumquo
1135 1181 1298 1242 Monachus

195 1273 379 1353 Aegyptios,
401 1277 580 1352 scriptorem
595 1284 753 1349 utrumque
768 1273 924 1348 benignius
946 1273 1174 1348 interpretatos,
1196 1266 1299 1325 tacitis

195 1358 272 1418 licet
287 1377 390 1417 eorum
402 1357 573 1416 nominibus
594 1357 713 1423 censuit
733 1357 943 1416 confutandos.
985 1355 1079 1414 Iidem
1105 1373 1177 1412 vero
1193 1351 1301 1412 'l'beo-

194 1439 285 1524 philo
300 1441 401 1500 sedem
416 1443 648 1500 Alexandrinam
664 1442 718 1500 sub
730 1442 857 1501 Arcadio
873 1440 1010 1522 principe
1025 1435 1209 1513 moderante,
1232 1457 1301 1496 curn

194 1527 230 1586 iu
244 1527 378 1606 Aegypto
394 1524 541 1585 Chronica
555 1547 607 1584 sua
622 1526 869 1606 conscripserint,
892 1525 999 1604 quibus
1013 1523 1154 1583 nonnihil
1168 1520 1301 1582 authori·

195 1612 268 1671 tatis
282 1611 472 1670 idololatriae
483 1612 533 1669 vel
548 1611 700 1669 haereseos
714 1611 880 1669 cultoribus
894 1611 931 1667 ob
943 1611 1042 1668 Berosi
1054 1607 1302 1690 hlanetlmnisque

194 1703 324 1754 mentem
338 1695 458 1765 suavius
473 1694 639 1773 expositam
653 1704 753 1751 coisset
765 1693 882 1753 Author
894 1693 1068 1751 accessisse:
1089 1691 1160 1748 hinc
1173 1692 1301 1748 idolola-

195 1779 273 1841 triae
280 1822 290 1854 ,
312 1779 517 1855 Asianorum,
530 1776 831 1860 Manichaeorumque
842 1777 1012 1838 haeresibus
1023 1775 1196 1836 refellendis
1207 1772 1301 1832 Chre·

195 1863 347 1941 uologiam
369 1863 456 1922 edere
471 1864 649 1938 meditatus,
677 1863 715 1922 ad
730 1864 844 1934 laudati
859 1861 1018 1941 Theophili
1034 1860 1246 1920 idololatarum
1269 1867 1299 1917 et

197 1949 378 2009 Asianorum
392 1949 557 2008 adversarii
574 1957 699 2006 aetatem
713 1948 750 2007 ab
765 1949 838 2008 orbe
853 1948 976 2008 condito
992 1947 1085 2013 6904.
1098 1965 1182 2004 secus
1199 1943 1299 2024 posito

195 2035 400 2116 praelatorum
423 2033 558 2114 Aegypti·
576 2031 791 2093 hlonachorum
811 2033 951 2108 invento,
983 2035 1175 2112 exipsorum
1197 2028 1298 2088 verbis

191 2119 370 2191 memoriam
384 2139 469 2195 agere
486 2139 546 2177 uon
561 2127 692 2178 veretur.
713 2119 847 2193 floruit
860 2118 913 2178 ille
926 2115 1108 2196 Theophilus
1130 2114 1186 2195 ⁸l¹b
1203 2116 1298 2174 Asca-

196 2201 258 2281 dio,
279 2213 309 2263 et
321 2203 434 2263 exactis
449 2204 480 2261 in
495 2203 674 2263 l’ontilicatu
688 2205 774 2263 ortuis
787 2207 838 2270 28.
852 2200 958 2264 scribit
974 2199 1180 2282 Theophanes,
1200 2198 1298 2259 Theo-

195 2289 275 2348 dosii
286 2289 413 2349 lunioris
427 2289 565 2369 septimo,
579 2299 730 2368 reparatae
741 2290 843 2348 salutis
852 2291 924 2356 407.
938 2287 1016 2347 diem
1032 2296 1199 2346 extremum
1214 2283 1298 2345 obiit.

192 2376 264 2457 >Qua
280 2395 373 2454 porro
395 2374 504 2452 pictate
525 2376 661 2453 turpium
683 2393 840 2433 sacrorum
865 2373 1046 2433 execrandos
1069 2371 1146 2432 ritus
1161 2371 1299 2428 Alexan-

196 2459 281 2518 driae
292 2459 465 2535 sustulerit,
487 2459 592 2518 altaria
604 2459 762 2536 deiecerit,
786 2479 823 2517 ex
838 2459 996 2519 metallicis
1012 2455 1198 2516 simulachris
1211 2463 1298 2515 rrum·

194 2563 263 2603 mos
285 2544 461 2602 conflaverit
477 2543 511 2602 in
537 2536 684 2625 pauperes
705 2543 886 2622 erogandos,
909 2543 990 2603 unde
1008 2543 1067 2601 sibi
1081 2561 1190 2602 nomon
1215 2540 1300 2602 etto·

194 2621 344 2692 Aosso‘voo
357 2628 534 2710 promeruit,
552 2633 645 2689 refert
659 2628 854 2710 Theophanes
868 2629 953 2688 brevi
966 2627 1079 2708 publici
1093 2626 1169 2686 iuris
1180 2624 1299 2684 iacien-

196 2713 253 2774 dus
272 2735 351 2772 antro
367 2715 466 2791 magni
481 2713 641 2773 'Theodosii
660 2721 708 2780 12.
752 2717 794 2772 lle
808 2714 991 2790 quo'iterum
1008 2713 1040 2769 in
1055 2730 1136 2789 seqq.

266 2792 346 2860 'Est
362 2800 514 2874 Θεοφίλου
528 2793 592 2877 κβ.
601 2792 835 2876 αρχιεπισκόπου
848 2791 1091 2880 Ἀλεξανδρείας]
1124 2793 1210 2872 Hunc
1225 2813 1298 2852 euu-

198 2883 266 2944 dem
274 2928 284 2958 ,
306 2882 484 2959 vigesimum
495 2893 614 2941 sextum
634 2881 821 2961 Nicephorus
834 2891 986 2942 numeret:
1018 2882 1071 2940 sed
1092 2880 1176 2940 salso.
1228 2880 1301 2938 Post

195 2969 350 3028 Theonam
370 2968 467 3041 onim,
489 2987 578 3046 quem
599 2967 761 3046 cumipse,
785 2976 850 3026 tum
868 2968 1012 3046 Georgius
1026 2975 1129 3025 noster
1150 2964 1187 3023 ad
1200 2963 1300 3044 operis

196 3054 329 3127 calcem,
349 3060 416 3111 tuus
431 3051 625 3133 Theophanes
641 3052 697 3110 sub
713 3053 811 3132 operis
826 3053 964 3129 initium,
985 3061 1071 3110 sexto
1089 3050 1204 3108 docimo
1218 3049 1301 3106 locat

197 3137 321 3215 ordine,
342 3137 448 3198 Petrus
461 3139 577 3218 hlartyr
591 3137 691 3198 sedem
705 3138 838 3196 obtinuit
853 3137 985 3195 decimus
999 3135 1160 3214 septimus,
1184 3132 1234 3190 cui
1249 3133 1297 3191 de·
1315 3135 1347 3191 P.
1364 3139 1399 3194 12

194 3221 293 3283 cimus
304 3234 428 3302 octavus
444 3225 666 3298 successitnon
683 3220 815 3280 Achillas
833 3222 884 3300 qui
901 3217 977 3294 λιτὸς
994 3215 1108 3298 leporis,
1131 3229 1159 3274 et
1173 3219 1300 3296 sinrplex

192 3309 354 3385 Presbyter
365 3307 442 3382 luit,
463 3309 517 3366 sed
531 3306 700 3366 Alexander
720 3326 797 3387 unus
810 3326 847 3364 ex
861 3308 1007 3364 Nicaeuae
1021 3304 1135 3384 Synodi
1151 3303 1300 3377 Patribus,

193 3395 329 3455 decimus
342 3411 441 3452 nonus
455 3391 633 3465 Athanasius
648 3391 881 3450 Alexandrinam
894 3391 974 3450 rexit
983 3389 1163 3465 Ecclesiam,
1186 3387 1234 3448 eui
1248 3389 1298 3447 vi-

192 3478 325 3558 gesimus
345 3477 422 3536 alius
440 3478 554 3538 Petrus
569 3473 712 3537 suffectus
735 3485 798 3552 est,
821 3476 930 3536 deinde
943 3474 1117 3534 Timotheus
1138 3473 1297 3552 vigesimus

191 3563 326 3644 primus,
349 3581 386 3621 ac
405 3562 534 3642 denique
560 3562 707 3622 secundus
730 3582 823 3642 supra
837 3562 1010 3640 vigesimum
1032 3559 1083 3619 hic
1102 3557 1297 3640 Theophilus.

193 3648 338 3707 Autlroris
356 3647 488 3725 catalogo
503 3648 569 3706 aliis
583 3647 761 3706 enumeratis
775 3647 952 3706 adversatur
964 3645 1159 3726 Nicephorus.
1195 3643 1298 3702 'l'heo-

193 3751 252 3799 nse
272 3748 400 3812 namque
416 3733 452 3790 ab
471 3733 537 3813 ipso
551 3734 664 3813 pariter
680 3741 709 3790 ct
725 3753 741 3789 a
756 3733 883 3810 Georgia
899 3732 931 3790 in
946 3741 1063 3790 sextum
1077 3730 1224 3788 decimum
1244 3727 1299 3785 ad·

193 3816 285 3876 misso
304 3819 451 3875 decimum
466 3817 625 3898 septimum
637 3819 761 3875 Petrum
778 3819 940 3896 hlartyrem
955 3815 1127 3891 substituit,
1150 3813 1303 3872 decimum

196 3909 339 3958 octavum
353 3901 513 3979 Achillam,
540 3909 590 3969 19.
608 3903 825 3979 Alexandrum,
848 3909 899 3969 20.
915 3901 1120 3972 Athanasium,
1142 3904 1193 3961 21.
1207 3896 1298 3955 Atha.

194 3986 316 4045 nasiurn
340 3987 466 4043 eundern
488 3987 579 4045 exilio
605 3996 797 4063 revocatum,
826 3995 875 4053 22.
900 3988 1059 4064 Georgium
1081 3983 1239 4056 Arianum,
1269 3991 1299 4042 et

195 4067 396 4131 Athanasium
417 4071 509 4129 tertio
526 4071 590 4129 sedi
616 4073 808 4147 restitutmn,
829 4072 1003 4150 vigesimum
1030 4069 1152 4128 tertium
1177 4069 1299 4126 Petrum

195 4173 288 4234 supra
312 4164 526 4230 memoratum,
556 4151 607 4220 24.
630 4157 754 4216 Lucium
782 4158 942 4232 Asianum,
971 4157 1023 4223 25.
1046 4156 1167 4214 Petrum
1191 4153 1298 4213 iterato

195 4233 374 4314 suffectum,
397 4259 432 4298 ac
456 4240 578 4299 densum
601 4246 651 4306 26.
665 4241 887 4320 Theophilum,
910 4246 947 4300 de
963 4261 1023 4320 quo
1040 4259 1145 4298 seiano.
1190 4238 1299 4298 Verum

197 4333 351 4404 expuncto
363 4323 496 4405 ‘Georgia
511 4324 664 4384 haereseos
679 4326 812 4384 aututite
831 4346 885 4404 per
903 4327 984 4398 vim,
1009 4323 1140 4400 legitimo
1157 4323 1300 4382 Porrtihco

198 4409 299 4497 adhuc
312 4408 444 4490 visente,
465 4413 498 4471 in
510 4409 610 4471 sedem
624 4407 752 4488 intruso,
768 4411 884 4472 omissis
898 4409 987 4472 ctiam
1001 4408 1153 4470 Athanasii
1162 4410 1300 4488 Patrique
