3109 4959
87 1234 95 1251 ·
204 1202 261 1283 ,ent

531 445 591 513 ΕΤ
611 441 965 517 ANNOTATIOMJS.
1218 432 1294 507 505

205 607 335 669 fatorum
352 622 455 684 regma
477 610 585 665 aetates
606 600 832 685 interpolandas
848 619 970 679 censeo,
991 599 1078 662 etad
1097 597 1293 683 interpolatas

205 690 370 752 versionem
388 688 676 751 accommodandam.

205 860 225 923 ὃ
289 775 462 859 Αἰγυπτίων
475 768 536 839 κθ’.
554 770 712 839 δυναστεία
725 766 862 853 τέταρτος
877 767 1047 853 Nomentana
1065 773 1164 853 μῆνας
1178 764 1216 837 d·
1235 775 1294 836 aori
1418 834 1425 849 ,

225 854 305 923 tuta
327 882 363 923 ου
389 880 402 920 e
422 852 475 921 ad'.

288 882 461 1027 riipuriaiar
474 934 510 1005 λ’.
525 938 684 1004 δυναστεία
701 938 896 1020 &daventria
910 940 1010 1021 τριῶν,
1025 928 1199 1023 ὧνπρῶτος
1214 943 1294 1005 Nes·

204 1025 330 1111 τανίβης
347 1027 396 1108 ἔτη
412 1020 462 1107 ιη’.
475 1030 531 1089 τοῦ
547 1023 580 1089 δὲ
592 1021 705 1104 κόσμου
718 1017 796 1108 ,eai-
1073 1022 1077 1030 '

280 1113 462 1217 ’,Αἰγυπτίων
480 1104 536 1176 λα’.
554 1111 713 1176 δυναστεία
734 1102 873 1193 δεύτερος
895 1105 1037 1190 Taaigieq
1057 1102 1094 1191 β’.
1113 1110 1171 1172 acti
1182 1101 1294 1190 κόσμου

262 1222 462 1365 ηΑἶγυπτίονν
481 1274 534 1363 λβ.
553 1276 711 1343 novamne
730 1272 921 1359 Νεκτανὲβης
938 1275 1029 1351 ἄλλος
1049 1275 1098 1357 ἔτη
1120 1270 1168 1359 ιγ’.
1188 1281 1244 1340 τοῦ
1260 1274 1295 1340 di

203 1360 318 1445 κόσμου
333 1362 410 1451 ‘eqni
431 1365 654 1427 Emendationis
668 1364 711 1421 ita
727 1362 950 1441 componendae
963 1372 1167 1442 argumentum
1180 1362 1213 1421 in
1224 1382 1297 1442 ope·

203 1450 246 1513 rie
258 1470 335 1531 pene
349 1451 463 1528 limine,
485 1471 544 1530 quo
560 1450 597 1508 de
618 1446 769 1528 Dynaatiie
786 1448 996 1525 Aegyptiorum
1013 1469 1126 1525 sermo,
1154 1447 1296 1528 praemis-

203 1556 269 1596 sum
288 1544 349 1596 est:
370 1536 485 1614 reliqua
507 1533 644 1608 Eusebii,
665 1532 714 1593 vel
734 1530 878 1591 Authorie
891 1532 985 1611 ipsius
1006 1533 1106 1592 verbis
1122 1532 1296 1592 tundantur.
1343 1577 1345 1583 ,

205 1626 234 1689 1.
256 1620 324 1681 Vox
339 1619 459 1700 quidem
478 1624 592 1700 μῆνας,
615 1615 751 1696 quamvis
766 1616 982 1677 Grammaticae
1000 1617 1064 1678 ritu
1079 1637 1296 1695 nonnunquam

203 1705 346 1786 propria,
366 1714 396 1764 et
416 1704 496 1785 apud
515 1704 674 1782 Aegyptios
685 1701 744 1761 viri
757 1703 1065 1779 nomenaeetimetur,
1085 1701 1137 1763 bic
1151 1702 1294 1761 nihiloae-
1311 1709 1344 1764 V.
1361 1710 1394 1766 61

204 1790 268 1849 cius
288 1789 485 1867 appellativae
498 1790 634 1865 iungitur
654 1786 770 1859 officio,
792 1786 877 1842 etad
901 1790 1082 1865 Νεφερίτης,
1104 1787 1297 1861 vocabulum,

205 1874 287 1952 quod
310 1874 410 1948 aiunt,
436 1872 592 1951 proprium
620 1868 760 1928 nonnihil
780 1876 917 1946 spectans
938 1869 1103 1946 significat,
1129 1868 1297 1946 Nepheritis
1417 1912 1420 1915 ⁴

203 1956 347 2017 nimirum
368 1964 512 2017 aetatem:
536 1973 626 2033 quare
644 1962 706 2012 tum
730 1951 766 2012 ab
787 1951 928 2012 Africano
942 1953 1050 2033 pagina
1064 1958 1115 2017 76.
1129 1954 1163 2011 Β.
1178 1963 1240 2011 tum
1259 1953 1296 2010 ab

204 2040 331 2103 Eusebio
351 2059 416 2121 pag·
439 2044 491 2105 77.
513 2037 550 2102 Α.
573 2039 860 2117 Νεφερίτης;μῆνας
881 2032 916 2099 d'.
938 2058 1051 2097 menaea
1071 2037 1101 2102 4.
1122 2037 1295 2118 Nepheritea

204 2144 341 2205 regnasse
355 2121 501 2186 asseritur.
525 2129 555 2189 2.
577 2121 718 2201 Sequitur
732 2131 862 2201 utruque
872 2122 942 2181 loco
958 2124 1192 2201 Sebennytarum
1204 2122 1295 2182 trima

203 2230 305 2287 regum
320 2208 460 2290 Dynastia
475 2207 639 2283 tricesima,
662 2208 747 2267 cuine
763 2207 879 2285 primus
892 2207 1076 2282 Nectenebo,
1098 2208 1169 2267 alias
1184 2208 1296 2267 Necta-

105 2361 107 2364 ,
204 2296 306 2357 nebcaa
328 2296 390 2353 eius
402 2294 512 2353 iterum
527 2312 620 2351 annos
636 2312 675 2351 ex
691 2292 817 2351 Eusebio
830 2314 860 2372 p.
873 2298 924 2357 77.
937 2292 1172 2371 requirentibus,
1194 2294 1296 2351 decem

205 2380 412 2457 assignantur,
434 2377 471 2435 ab
491 2375 617 2435 Eusebio
638 2375 814 2455 Hieronymi
833 2377 955 2454 Latino,
977 2386 1008 2437 et
1023 2398 1060 2436 ex
1077 2378 1209 2436 Africani
1228 2378 1296 2437 loco

207 2466 299 2526 citato
313 2462 435 2543 scriptis
449 2461 614 2521 octodecim
625 2462 736 2521 referre
749 2460 927 2521 nunciatur:
949 2482 1036 2542 quae,
1057 2482 1141 2539 reor,
1162 2462 1222 2521 iuit
1236 2483 1296 2521 oc-

206 2549 304 2625 casio,
324 2558 361 2607 ut
377 2547 503 2625 Georgia
517 2566 611 2607 annos
627 2549 677 2611 18.
694 2546 788 2605 eidem
803 2547 987 2625 resignante,
1007 2546 1158 2608 Librarius
1176 2547 1298 2606 incaute

205 2636 287 2697 salos
307 2642 376 2692 octo
403 2631 559 2711 reliquerit
584 2640 731 2695 exaratos.
773 2630 950 2692 Nectenebin
974 2632 1076 2711 itaque
1100 2641 1297 2691 numerentur

208 2723 257 2787 18.
282 2718 352 2777 anni
370 2738 388 2775 a
408 2716 512 2777 mundi
528 2719 621 2783 5120.
638 2716 676 2775 ad
691 2714 821 2775 eiusdem
835 2717 927 2783 5137.
941 2735 1001 2797 quo
1017 2717 1143 2776 abeunte
1155 2713 1297 2774 decernite

206 2808 236 2870 3.
253 2802 394 2862 Succedit
407 2802 482 2861 Teos
496 2800 665 2881 Sebennyta
683 2800 847 2877 secundus,
870 2802 955 2861 cuiue
971 2801 1043 2861 anni
1064 2802 1124 2860 duo
1144 2799 1297 2860 codicibus
1315 2807 1346 2861 Ρ.
1359 2810 1395 2866 67

207 2888 468 2961 eructuantem,
496 2906 572 2965 quos
594 2885 679 2944 annis
700 2886 804 2945 mundi
824 2888 918 2951 5138.
937 2895 968 2945 et
987 2888 1081 2952 5139.
1109 2882 1298 2949 abaumitd.

206 2973 289 3032 Pone
314 2970 435 3030 advenit
455 2970 623 3031 Nectanebo
643 2970 736 3045 alter,
755 2970 924 3049 Sebennyta
942 2969 1067 3043 tertius,
1098 2968 1184 3029 cuius
1204 2988 1299 3029 annue

209 3058 258 3122 18.
275 3056 453 3133 pronunciat
468 3056 625 3114 Africanus
640 3075 708 3135 pag.
722 3060 773 3121 77.
789 3055 824 3115 Β.
842 3055 969 3114 Eusebio
984 3056 1114 3115 eiusdem
1130 3074 1196 3133 pag.
1211 3055 1300 3113 litera

207 3139 243 3197 1).
259 3140 297 3195 ad
314 3148 381 3196 octo
398 3138 544 3199 duntaxat
559 3160 609 3198 eos
624 3148 813 3215 coarctante,
835 3140 970 3217 quamvis
985 3138 1127 3198 Eusebius
1137 3138 1217 3195 idem
1239 3139 1298 3196 La-

207 3224 270 3284 tina
285 3222 387 3300 lingua
398 3222 573 3300 Hieronymi
582 3223 683 3282 labore
695 3223 823 3282 donatus
838 3244 876 3281 ex
889 3223 1018 3281 Africani
1032 3230 1173 3301 computo
1188 3222 1298 3280 scribat

206 3307 320 3389 pariter
346 3310 396 3372 18.
427 3308 486 3366 Eos
506 3326 596 3386 porro
617 3326 756 3365 numeros
773 3306 917 3384 Georgius
938 3327 991 3367 suo
1012 3305 1161 3365 Chronico
1180 3306 1299 3366 abdicet

206 3400 405 3467 necassent,
428 3400 458 3451 et
478 3392 623 3451 tredecim
644 3391 803 3468 attribuat,
825 3412 842 3449 a
862 3392 1013 3451 communi
1032 3390 1172 3451 videlicet
1192 3391 1299 3451 mundi

207 3480 300 3547 5140.
313 3478 352 3537 ad
363 3478 457 3543 5152.
477 3496 536 3555 quo
552 3476 634 3554 regni
654 3476 773 3535 tertium
795 3476 931 3535 emundi
947 3478 1044 3544 ⁵150.
1059 3478 1215 3557 Persarum
1233 3478 1297 3535 Itex

208 3564 311 3623 Ochae
330 3562 513 3622 numerabat.
555 3560 614 3621 iiic
631 3560 709 3619 euim
724 3560 826 3621 Ochus
843 3571 901 3638 est,
924 3562 976 3640 qai
992 3562 1107 3622 duobus
1123 3570 1191 3620 ante
1213 3582 1298 3621 mor·

208 3656 269 3709 tem
295 3648 381 3710 annis
402 3645 602 3706 Nectancbum
625 3646 725 3724 eiecit,
752 3646 832 3706 etin
855 3646 1043 3725 Aethiopiam
1064 3647 1164 3723 ingere
1188 3646 1298 3721 coegit:

210 3732 341 3812 adeoque
357 3752 434 3791 anuo
457 3732 715 3805 5154.11101·tuus,
737 3751 817 3789 anno
839 3732 932 3795 5152.
949 3740 1018 3809 post
1032 3731 1115 3808 regni
1136 3750 1230 3789 annue
1250 3732 1298 3793 13·

208 3815 406 3877 Nectaucbum
419 3816 516 3875 solum
530 3824 646 3874 vertere
659 3815 820 3894 compulit,
841 3815 989 3875 scribente
1003 3814 1129 3893 Georgio
1145 3834 1210 3893 pag.
1226 3815 1298 3878 256.

209 3898 245 3961 A.
262 3892 351 3979 Ὦχος
370 3896 521 3982 κρατήσας
532 3892 689 4043 Alqdurov
703 3895 758 3961 δύο
771 3898 821 3978 ἔτη
833 3892 1005 3980 ἀναιρεῖται.
1028 3902 1182 3959 Caeterum
1203 3898 1300 3956 Geor-

209 3980 275 4059 gius
294 3980 357 4062 ipse
379 3993 553 4065 computum
596 4004 656 4041 unc
674 3983 844 4063 planissime
866 3984 986 4063 digessit
1004 3984 1141 4064 superius
1159 4002 1225 4063 pag.
1247 3982 1298 4048 53.

209 4064 245 4128 Δ.
275 4065 434 4146 Avulgari
458 4069 569 4149 quippe
588 4069 680 4128 creati
703 4068 785 4129 orbis
804 4089 883 4129 anno
907 4076 999 4136 2776.
1026 4069 1147 4127 ineante
1169 4066 1301 4127 fundatis

208 4149 425 4231 Aegyptiarum
439 4152 606 4233 Dynastiis,
629 4163 699 4234 post
720 4175 815 4214 annos
829 4154 903 4214 alios
919 4154 1012 4221 2365.
1032 4152 1233 4212 Nectenebum
1250 4170 1301 4213 re-

208 4254 313 4313 gnasse
327 4236 449 4297 scribit:
471 4239 577 4317 utique
591 4240 696 4298 mundi
710 4242 805 4306 5140.
822 4260 855 4299 ea
878 4241 989 4319 quippe
1009 4257 1122 4297 summa
1142 4246 1206 4312 est,
1230 4256 1304 4316 quac

209 4340 246 4379 ex
260 4317 355 4386 2775·
371 4328 401 4378 et
415 4324 507 4387 2365.
526 4344 587 4382 una
602 4324 712 4384 iunctis
726 4324 873 4383 redditur.
893 4320 951 4403 πρὸ
967 4326 1024 4385 τοῦ
1041 4313 1235 4403 Ἀλεξάνδρου
1251 4315 1304 4404 ἆρ-

207 4408 280 4488 χῆς,
301 4403 415 4485 inquit,
438 4403 513 4469 irena
532 4402 575 4471 ιε’.
595 4406 696 4490 inde,
715 4418 785 4469 anta
809 4406 990 4485 Alexandri,
1011 4406 1079 4467 dico
1103 4426 1213 4469 munna
1235 4408 1302 4491 pri-
