3109 4959
236 392 284 468 tt
617 400 659 473 G.
681 400 722 471 G.
742 400 948 476 uuunovtt

236 551 579 633 Κωνοταντινοοπόλεως
608 555 780 633 ἐπίσκοπος.
825 558 1013 641 Quamquam
1036 559 1130 640 igitur
1159 565 1323 641 cognomen

235 644 439 724 chrysostomi
456 644 514 703 iam
535 643 688 721 vulgatum
710 652 794 720 erat,
812 652 913 705 tamen
928 666 989 707 uon
1002 646 1044 709 ita
1059 647 1266 729 praevalebat,
1286 656 1324 709 ut

233 728 470 791 nomenloannis
482 722 818 807 prorsus'omittsretur3
839 749 941 791 vuum
951 750 1022 791 mox
1035 731 1164 806 nomine,
1185 752 1256 793 mox
1268 752 1317 793 co-
1399 764 1403 777 ·

232 815 371 894 gnomina
384 814 557 876 vocabatur.
597 812 669 873 Iuda
682 812 826 891 coniicio,
849 814 984 894 Gregorii
999 825 1109 892 aetate,
1132 816 1187 896 qui
1203 826 1324 898 septu*

233 900 315 977 ginta
340 899 388 959 vel
410 898 559 977 octoginta
582 917 675 959 annos
696 907 765 959 ante
781 896 921 959 Photium
937 899 1074 981 scripsit,
1095 897 1236 976 Ioannem
1255 902 1324 983 ple·

232 1002 358 1061 rumque
381 982 478 1042 adhuc
497 980 616 1041 nomine
631 1002 685 1042 suo
697 1002 807 1043 vocare
820 983 853 1043 iu
867 1004 950 1045 more
964 987 1067 1064 sniape,
1089 986 1145 1045 etsi
1159 1005 1324 1065 saporosa

233 1067 436 1147 chrysostomi
448 1086 509 1125 non
522 1066 656 1143 ignotum
668 1077 740 1143 erat,
755 1088 815 1147 quo
827 1068 976 1150 principio
985 1078 1114 1151 propter
1126 1070 1322 1150 eloquentiam

231 1163 365 1227 ornatus,
382 1152 452 1211 dein
465 1150 500 1209 ab
510 1152 730 1232 aliisepiscopis
740 1151 1035 1235 constantinopolec's
1050 1153 1322 1228 eiusdem-nominis

231 1238 393 1297 distinctus
412 1245 466 1299 est.
509 1236 652 1315 Georgius
669 1237 776 1315 igitur,
799 1237 924 1318 opinor,
945 1239 1084 1299 Ioannem
1099 1240 1322 1318 cognominian

231 1322 332 1383 sancti
348 1330 379 1381 et
399 1319 498 1399 magui
517 1320 596 1381 inter
617 1320 754 1382 doctores
774 1320 957 1383 christianos
979 1323 1052 1383 satis
1072 1324 1245 1385 distinxisse
1267 1324 1324 1385 sthi

232 1406 314 1468 visus
334 1415 412 1465 erat:
436 1406 531 1465 lactor
553 1425 625 1466 vero
641 1415 693 1467 aut
708 1406 851 1467 librarius
866 1406 1016 1470 recentior
1031 1426 1146 1469 nornen
1156 1408 1216 1469 sibi
1230 1408 1324 1489 inape

232 1491 377 1553 familiare
391 1488 595 1569 Chrysostomi
609 1489 766 1571 adscripsit
780 1486 821 1572 ι).

317 1575 390 1637 Dein
402 1575 491 1635 rerba
507 1574 557 1637 καὶ
570 1571 626 1655 τήν
641 1572 730 1638 Εὕαν
745 1584 798 1637 aut
807 1576 851 1636 ,ab
864 1576 932 1658 ipso
947 1586 1069 1638 auctore
1080 1596 1206 1658 prorsus
1226 1576 1324 1637 aliano

233 1661 301 1722 loco
315 1659 412 1740 posits
426 1668 505 1736 sunt,
527 1669 578 1719 aut
589 1660 691 1741 potius
705 1680 722 1719 a
736 1660 877 1721 nasutulo
888 1664 1004 1723 intrusa
1017 1682 1079 1723 esse
1090 1662 1250 1738 videntur,
1271 1662 1325 1742 qui

232 1745 383 1807 Adamum
394 1764 456 1804 non
471 1745 534 1804 sina
549 1746 629 1819 Eva,
650 1754 770 1805 auctore
786 1746 911 1826 culpae,
931 1748 1099 1828 eparadiso
1113 1748 1222 1827 expelli
1238 1766 1326 1827 posse

234 1830 292 1890 sibi
306 1829 439 1894 finxerit.
464 1866 465 1871 κ
483 1830 523 1889 Et
534 1830 567 1889 in
580 1830 659 1907 loco,
681 1850 770 1911 quem
779 1830 923 1907 Georgius
937 1832 1071 1911 respicit,
1090 1833 1125 1891 in
1137 1832 1267 1892 Humilis
1282 1834 1330 1913 59

234 1915 273 1975 ad
286 1914 426 1975 Matthaei
448 1936 512 1995 esp.
532 1918 580 1981 18.
598 1934 673 1976 vers.
694 1920 724 1981 7.
747 1915 832 1975 nulla
848 1916 929 1979 uvae
941 1919 1053 1977 mentio
1073 1925 1129 1976 est.
1170 1961 1190 1995 „
1198 1915 1330 1995 Etenim,

234 2000 338 2059 scribit
352 2001 491 2075 loannes,
514 2001 540 2059 si
561 2000 676 2079 primus
691 1998 782 2060 homo
800 2000 891 2061 breve
906 2010 1026 2062 tantum
1041 2012 1175 2082 tempus,
1196 2004 1324 2063 fortasse
1368 2045 1372 2054 ·

233 2104 272 2147 ne
286 2094 382 2145 totum
399 2085 516 2165 quidem
531 2083 609 2144 diem
628 2084 740 2145 deliciis
751 2074 879 2165 paradisi
895 2087 1015 2162 fruens,
1038 2087 1076 2145 ad
1093 2097 1205 2147 tantam
1220 2087 1324 2167 pravi·

233 2178 324 2233 tatem
338 2190 509 2250 progressus
526 2179 582 2246 est,
604 2179 638 2229 ut
654 2190 685 2228 se
700 2171 760 2229 Deo
776 2170 900 2229 similem
914 2191 976 2230 esse
988 2172 1127 2247 fingeret:
1151 2172 1225 2251 quid
1237 2191 1324 2252 pere-

232 2254 332 2335 gisset,
347 2254 373 2313 si
385 2264 479 2314 totam
490 2255 580 2315 vitam
594 2254 766 2313 continuam
775 2274 981 2315 aerumnarum
995 2265 1146 2334 expertem
1158 2254 1323 2316 vixissetY’
1380 2258 1384 2264 ’

317 2339 400 2413 Quid
419 2339 545 2418 denique
560 2330 690 2422 verbagd
709 2337 770 2401 aul
788 2334 1128 2419 ἤμεῖςπειθόμεθα
1143 2340 1199 2398 sibi
1218 2340 1323 2415 velint,

232 2444 296 2484 non
319 2424 417 2485 video.
448 2424 489 2501 Si,
503 2423 582 2502 quod
595 2432 752 2483 contextus
766 2425 926 2483 verborum
942 2425 1106 2484 necessario
1121 2425 1270 2504 postulat,
1285 2425 1324 2484 ad

230 2508 374 2569 Ioannem
388 2510 491 2586 refers,
514 2508 723 2567 contradicunt
737 2509 837 2567 statim
855 2511 1016 2588 sequentia,
1037 2529 1101 2567 non
1111 2510 1188 2568 eninr
1200 2504 1324 2593 Ἰωάννῃ

229 2596 385 2669 πείθεται,
407 2592 459 2653 sed
477 2603 660 2670 commonet,
681 2614 719 2653 ne
737 2616 751 2653 a
766 2595 868 2654 divino
884 2595 997 2673 Spiritu
1014 2593 1134 2652 silentio
1147 2594 1244 2653 velata
1256 2614 1323 2674 per·

230 2688 410 2741 scrutemur.
452 2679 484 2737 si
497 2679 620 2738 vero'ad
633 2679 824 2755 Evangelium
838 2679 979 2739 Matthaei
992 2678 1084 2739 rerba
1097 2679 1208 2738 relerra
1221 2679 1323 2755 velles,
1342 2724 1344 2727 ψ

229 2764 393 2824 ridiculose
409 2763 546 2844 apposita
558 2773 662 2824 essent.
706 2765 823 2840 Timeo,
845 2784 883 2822 ne
898 2764 1006 2823 nimius
1022 2764 1054 2822 in
1072 2764 1170 2822 verbis
1185 2782 1324 2823 resecan-

231 2848 279 2909 dis
304 2847 422 2907 videar:
450 2858 579 2908 attamen
601 2868 653 2928 ega
674 2848 794 2925 quidem
816 2849 904 2909 aliani
921 2849 1066 2910 medelam
1083 2849 1144 2908 loci
1159 2870 1222 2908 nou
1235 2849 1323 2909 video

232 2942 263 2994 et
276 2932 383 2992 leniori
398 2926 513 2991 m‘edico
530 2934 653 3009 gratiam
668 2932 791 2995 habebo.
859 2980 863 2988 .

310 3018 379 3095 Pag.
391 3017 420 3084 6.
446 3017 478 3078 Α.
499 3018 579 3097 legor
601 3016 652 3079 aul
672 3015 749 3098 (scil.
773 3016 792 3081 o‘
803 3024 864 3080 suiv
877 3016 998 3099 ἡμερῶν
1019 3010 1164 3099 dereptis)
1180 3021 1235 3097 τῆς
1251 3014 1324 3098 perd

231 3104 373 3167 τοῦτον
393 3095 509 3168 εἰσόδου
521 3107 576 3183 τῆς
590 3098 676 3178 Εὔας
696 3102 729 3165 ἐν
742 3107 785 3186 τῷ
797 3106 987 3188 νπαραδείσςοε
1009 3102 1042 3160 in
1056 3122 1150 3182 parra
1164 3103 1272 3162 Genesi
1289 3101 1325 3163 fi·

231 3186 317 3247 nitur
340 3186 420 3263 dies,
442 3206 501 3267 qno
518 3197 589 3268 post
607 3208 673 3247 eum
689 3186 860 3270 (Adamum)
875 3189 937 3247 Eva
957 3188 990 3245 in
1004 3188 1176 3247 Paradisum
1194 3188 1325 3265 ingressa

234 3272 282 3334 sit.
323 3270 417 3349 Magis
430 3272 554 3332 forsitan
572 3272 611 3331 ad
625 3273 843 3333 Hellenismum·
859 3274 1014 3353 antiquum
1033 3274 1113 3331 soret
1133 3272 1197 3351 μετ’
1220 3266 1324 3345 αὐτόν,

229 3354 292 3417 uisi
306 3356 426 3419 litterae
437 3356 527 3416 nimis
541 3357 721 3419 recederent.
743 3392 786 3405 -·
807 3359 904 3419 Verba
924 3367 1024 3416 autem
1038 3351 1082 3418 rai
1105 3378 1142 3417 τε
1165 3359 1212 3434 τῆ
1218 3378 1234 3430 ς
1252 3379 1322 3417 ποο-

230 3435 435 3524 ροιβοὶοοως
464 3441 530 3505 καὶ
561 3438 654 3520 perd
678 3440 749 3521 erla
770 3438 1003 3524 ’παράβασιν
1029 3442 1141 3499 inserta
1166 3459 1228 3499 esse
1249 3436 1322 3498 mihi

229 3523 385 3598 videntur,
401 3546 470 3595 nam
484 3524 719 3605 insequentibus
733 3530 822 3587 evita
835 3528 939 3585 Adami
954 3526 1030 3584 nili-il
1042 3526 1079 3582 de
1093 3522 1323 3599 transgressione

230 3619 342 3685 namet,
364 3609 478 3668 scribae
492 3621 589 3668 autem
600 3611 672 3669 haec
684 3613 855 3687 gravissima
869 3633 937 3689 pars
946 3629 1043 3667 rerum
1057 3616 1204 3684 gestarum
1216 3607 1322 3667 Adurni

231 3714 294 3756 esee
308 3694 448 3769 alescat,
469 3695 549 3752 utin
563 3695 625 3753 vita
640 3696 744 3751 Adurni
761 3696 919 3754 desiderari
936 3714 998 3751 non
1011 3700 1119 3771 posset.

312 3778 379 3857 Peg.
396 3779 426 3843 6.
446 3778 480 3838 Β.
507 3772 842 3861 Ίξῆπρῶτῃὴμέρᾳτῆς
858 3775 1041 3858 δευτέρας
1060 3770 1236 3858 ἑβδομάδος.
1272 3777 1323 3836 Si-

231 3884 325 3945 gnum
337 3863 455 3924 numeri
468 3861 592 3924 secundi
604 3862 628 3923 B
643 3864 784 3921 omissum
797 3872 860 3923 crat
875 3863 908 3922 iu
924 3862 1035 3923 codice.

263 4048 296 4115 5)
313 4046 468 4100 Manendum
481 4050 540 4108 est,
556 4060 588 4097 ne
598 4042 680 4097 lector
695 4043 727 4097 da
747 4045 847 4097 nonina
864 4042 1041 4114 chrysostomi
1056 4041 1216 4103 versionibus
1235 4042 1323 4097 latinis

299 4116 451 4197 decipiatur.
490 4112 624 4168 Michaelis
645 4113 757 4182 Glycas,
781 4116 826 4183 qni
841 4114 911 4167 circa
930 4130 989 4171 anu.
1007 4114 1074 4170 1150
1088 4111 1198 4165 Annales
1209 4112 1323 4182 scripsit,

297 4185 382 4237 ubiuis
400 4187 457 4238 lere
469 4183 585 4237 loannem
598 4180 647 4237 τὸν
659 4185 757 4251 θεῖον,
774 4183 823 4241 ro'a
837 4181 1061 4253 χοοοορῤἡμονα,
1077 4179 1127 4237 τόν
1140 4179 1191 4250 τὴν
1202 4185 1323 4252 γλῶτταν

296 4256 418 4323 χρυσοῦν
436 4272 462 4324 p.
479 4256 520 4309 18.
544 4270 602 4335 pag.
618 4254 660 4309 27.
685 4252 728 4309 28.
751 4254 795 4308 66.
818 4256 860 4308 67.
877 4256 927 4316 683
952 4270 1011 4307 raro
1030 4248 1230 4322 Χονοὸοτομοο
1247 4256 1323 4305 vocat

317 4338 358 4389 ag.
372 4322 407 4381 39
421 4332 449 4378 et
462 4324 527 4379 1232
543 4338 569 4375 m
581 4322 699 4377 versione
713 4328 802 4378 autern
813 4322 893 4379 latina
904 4339 1004 4393 semper
1021 4321 1219 4377 chrvsostonus
1233 4322 1323 4393 appel·

324 4399 374 4445 tur.
