3109 4959
543 428 602 497 ET
628 426 980 498 ANNOTATIONES.
1235 413 1312 492 895

228 591 301 668 gius
313 587 371 646 aud
384 583 538 666 Apuopui.
568 579 634 645 'His
650 586 750 646 verbis
767 584 886 664 Georgii
908 583 1084 658 calumnias,
1105 583 1131 644 si
1151 603 1226 665 quse
1240 583 1313 658 sint,

229 674 407 748 discuterem
429 680 460 731 et
481 671 600 730 Eusebii
619 672 792 729 sententiam
812 669 956 728 sincerius
978 670 1143 750 expositam
1164 670 1317 728 videretur

230 757 264 817 iu
281 767 343 816 tuto
367 767 519 835 reponere.
561 753 644 812 Licet
663 755 742 814 enim
762 753 911 812 Chronico
934 755 1039 813 Latino
1060 753 1179 815 Eusebii
1202 753 1317 812 decima

230 839 368 922 septima,
390 859 479 918 quem
497 857 670 914 versamus,
695 838 907 918 Aegyptiorum
929 839 1070 916 Dynastia
1083 860 1144 899 non
1163 837 1203 898 sit
1222 837 1316 896 ascri·

228 935 300 1006 pte,
322 924 404 1005 quod
425 932 522 983 tumen
542 921 684 982 decursam
705 933 840 983 octavam
858 943 937 981 enno
961 931 1030 1001 poet
1051 934 1154 982 natum
1168 921 1317 983 Abraham

229 1010 301 1077 294.
321 1009 482 1088 incepisse,
503 1003 610 1086 Ioseph
627 1014 725 1065 autem
748 1027 826 1066 unno
847 1012 919 1073 282.
939 1007 1050 1065 Ducem
1068 1007 1194 1086 Aegypti
1208 1006 1319 1066 consti·

108 1129 112 1142 ·
229 1103 329 1153 tutum
340 1091 468 1152 scribit:
497 1091 568 1150 'solis
589 1087 853 1150 duodecim”snnis
875 1100 943 1150 ante
967 1091 1099 1150 dmosim
1118 1091 1248 1168 primum
1268 1094 1318 1154 18.

229 1177 391 1256 Dynastiae
413 1195 510 1254 regem
533 1195 596 1232 eam
618 1175 793 1251 dignitatem
808 1175 948 1255 adeptum
968 1175 1055 1234 facile
1075 1175 1251 1252 colligimus.
1293 1173 1320 1231 A

231 1283 293 1342 quo
308 1281 375 1338 rege
387 1259 519 1318 Amosim
533 1259 624 1318 istum
642 1269 819 1338 praeeunte,
840 1280 913 1320 num
932 1259 969 1318 ab
992 1259 1149 1340 dphophi,
1171 1259 1256 1318 cuius
1274 1276 1319 1315 re-

230 1365 320 1424 gnum
335 1345 430 1415 annis,
451 1353 486 1402 ut
501 1343 568 1402 vult
582 1343 735 1419 Eusebius,
749 1343 799 1410 14.
811 1365 883 1403 num
897 1345 934 1403 ab
950 1344 1058 1404 Archie
1071 1344 1158 1404 cuius
1170 1347 1222 1409 30.
1233 1340 1320 1401 erinis

230 1439 416 1510 protractum
440 1427 514 1502 tuit,
537 1425 634 1504 regios
658 1426 789 1489 honores
810 1439 1012 1510 consequutus
1033 1438 1079 1488 est
1098 1426 1223 1507 loseph,
1243 1427 1322 1486 inter

233 1514 390 1592 Georgium
412 1521 441 1572 et
465 1511 643 1590 scaligerum
665 1531 728 1571 non
753 1522 877 1571 constet.
918 1513 1063 1593 Superior
1075 1533 1140 1593 pag.
1154 1518 1205 1580 62.
1219 1512 1254 1571 Δ.
1272 1510 1322 1570 de-

230 1609 376 1658 monstrat
391 1597 486 1673 oeulis
500 1596 640 1656 Archlem
654 1596 762 1656 ultimo
776 1598 846 1656 loco
861 1596 994 1657 decimae·
1007 1600 1147 1677 septimae
1163 1596 1322 1675 Dynsstiae

231 1683 268 1743 ab
292 1683 419 1742 Eusebio
440 1680 773 1762 positum:,.Georgius‚
795 1701 857 1740 non
877 1680 1036 1758 Arcblem,
1066 1681 1117 1740 sed
1141 1680 1324 1761 Aphophim,

232 1778 371 1847 quartum
387 1778 416 1826 et
431 1767 569 1826 ultimum
583 1765 619 1824 ab
632 1765 759 1826 Eusebio
773 1767 904 1846 positum
924 1765 1089 1826 contendit.
1125 1764 1201 1837 Quis
1212 1762 1322 1838 verior,

232 1851 270 1910 de
286 1851 407 1911 Eusebii
425 1861 522 1911 mente
537 1851 639 1924 testis,
661 1861 713 1910 aut
728 1851 861 1912 decimae
880 1851 1024 1930 septimae
1041 1871 1131 1930 supra
1145 1860 1249 1908 extens
1268 1869 1320 1906 ca-
1338 1857 1369 1911 V'.
1381 1857 1418 1912 23

232 1937 365 2014 mogus,
387 1945 439 1994 aut
460 1955 549 2016 quem
566 1935 739 1995 mendacem
761 1935 848 2014 fingit
865 1937 1013 2014 Scaliger,
1043 1955 1182 2017 praesens
1202 1932 1324 2011 Georgii

234 2021 355 2088 textus?
377 2021 465 2092 Sede,
488 2021 610 2091 Lector,
635 2019 888 2098 dissidii'arbiter,
913 2031 942 2080 et
958 2021 1116 2099 Georgium
1129 2020 1161 2078 in
1176 2039 1208 2078 ee
1224 2018 1324 2099 ipsum

234 2105 362 2164 scribere
379 2125 440 2164 non
455 2105 587 2184 potuisse
598 2124 715 2164 mecum
727 2104 862 2168 decerne.
906 2105 1080 2185 scripsisset
1096 2114 1212 2181 eutem,
1232 2103 1259 2161 si
1273 2101 1325 2161 bic

232 2187 404 2268 Aphophim
434 2190 594 2266 ultimum,
625 2190 760 2270 superius
791 2210 830 2250 ex
859 2189 985 2252 Eusebio
1011 2200 1191 2270 postremum
1213 2187 1326 2268 pariter

233 2273 372 2334 Archlem
393 2272 574 2337 exhiberet..
605 2275 832 2353 Regum'igitur
852 2276 927 2335 ordo
953 2275 986 2334 in
1011 2274 1161 2353 descripta
1188 2271 1325 2353 superius

233 2357 348 2418 decima
369 2359 494 2438 septima
512 2357 648 2418 turbatus
669 2368 730 2433 est,
750 2360 883 2439 inquies:
904 2370 934 2419 et
954 2357 1077 2419 Archies
1092 2358 1215 2432 tertius,
1237 2376 1327 2436 quar-

232 2450 284 2502 tus
297 2442 452 2523 Aphopbie
468 2443 575 2524 referri
588 2443 754 2504 debuerat?
777 2445 822 2505 its
835 2464 906 2504 sane
919 2465 1033 2505 mecum
1047 2444 1165 2519 senties,
1188 2443 1213 2500 si
1227 2457 1328 2500 errore

232 2528 266 2586 in
279 2528 407 2587 Librerii
430 2527 617 2588 oscitantiam
638 2528 768 2604 reiecto,
790 2529 909 2608 Georgii
924 2530 1032 2601 verba,
1055 2548 1131 2606 quse
1150 2536 1181 2586 te
1199 2527 1234 2584 in
1255 2543 1328 2581 seu-

232 2612 329 2670 tentiu
349 2611 485 2688 firment,
507 2612 680 2672 adverteris.
721 2613 885 2686 Eusebius,
906 2613 1060 2687 subiungit
1082 2611 1134 2669 iiie
1151 2609 1257 2688 pagina
1278 2608 1328 2666 lo·

234 2714 329 2774 coque
347 2697 506 2775 praefatis,
525 2695 678 2775 privatum
693 2695 783 2754 finem
800 2705 930 2756 sectatus
946 2697 1076 2754 decimae
1091 2696 1211 2774 quintae
1222 2693 1328 2770 Dyna-

234 2780 308 2841 stiae
322 2799 405 2858 reges
423 2780 456 2838 in
475 2779 795 2859 decimumseptimum
814 2780 984 2856 transtulit3
1006 2790 1037 2840 et
1056 2779 1206 2839 senarium
1226 2797 1329 2836 eorum

233 2883 394 2926 numerum
417 2864 534 2924 duobus
556 2864 700 2924 minorem
720 2865 808 2932 iecit„
843 2865 935 2925 Cuius
959 2875 1057 2924 autem
1085 2866 1180 2943 gratie
1199 2862 1329 2922 mutilati

234 2949 317 3008 illiue
335 2949 463 3028 catalogi
481 2969 512 3009 se
534 2948 685 3028 praestitit
709 2948 890 3024 Aetherem,
911 2950 969 3008 nisi
993 2961 1026 3009 ut
1047 2949 1213 3009 communis
1230 2946 1331 3005 Clue-

236 3033 416 3108 nologorum
436 3054 540 3094 sensus
563 3033 642 3094 fierit
664 3034 729 3112 ipse
757 3033 922 3112 particeps,
950 3043 980 3091 et
998 3033 1156 3112 iosephum
1174 3054 1192 3090 a
1215 3032 1330 3110 reliquo

237 3125 326 3186 coetu
344 3117 398 3174 sub
416 3116 557 3196 tphophi
571 3117 682 3192 regiam
697 3116 871 3194 dignitatem
888 3127 1079 3194 assequutum
1095 3118 1184 3192 vulgo
1197 3114 1331 3192 assigna.

237 3208 319 3273 tum,
341 3199 406 3278 ipse
427 3201 534 3258 mentis
557 3200 687 3258 eiusdem
706 3221 833 3260 concors
851 3200 1008 3282 Aphophis
1026 3202 1209 3280 temporibus
1224 3199 1330 3259 redde·

237 3284 307 3345 ret'?
329 3283 507 3343 Pensitanda
519 3283 553 3341 in
567 3281 626 3341 hoc
640 3285 826 3364 propositum
837 3285 980 3345 Autitoris
996 3287 1102 3344 verba:
1124 3285 1172 3348 ἐπὶ
1186 3282 1332 3366 prigenius

239 3362 495 3448 συμπεφώνηται,
517 3363 565 3431 ὅτι
582 3367 634 3431 ἐπὶ
654 3362 819 3448 ’studetur
846 3363 937 3451 ἧρξεν
958 3365 1065 3450 Ἰωσὴφ
1086 3374 1140 3449 τῆς
1163 3366 1329 3452 Αἰγύπτου.

246 3455 313 3513 Una
333 3458 436 3513 cuncti
460 3474 530 3514 νυαα
549 3451 710 3532 Ioseplaum
728 3456 784 3514 cub
809 3455 957 3535 Apuoplzi
983 3457 1119 3536 Aegrpto
1145 3459 1332 3535 imperitasse

233 3537 434 3621 praedicant:
455 3539 491 3600 In
508 3549 675 3599 currentem
698 3561 805 3620 equam
829 3542 912 3601 solus
931 3543 1151 3601 contranitetur
1168 3538 1332 3600 Eusebius?

239 3624 433 3699 Quinimmo,
452 3624 589 3705 pluribus
605 3624 671 3684 istis
686 3646 884 3686 consensurus
903 3625 940 3684 ab
956 3626 1098 3686 Africano
1114 3625 1256 3701 discedit,
1278 3625 1334 3682 de·

239 3711 345 3770 cimam
363 3710 497 3788 quintam
516 3709 577 3767 eius
598 3711 769 3788 Dynustinm
784 3711 841 3771 sibi
856 3712 1011 3789 septimam
1025 3731 1061 3768 ac
1075 3711 1217 3768 decimam
1234 3709 1332 3786 erigit,

240 3815 292 3853 sex
305 3815 406 3872 regum
422 3795 461 3852 ad
475 3803 605 3873 quatuor
620 3813 778 3854 numerum
795 3795 919 3871 redigit;
942 3794 1122 3875 Apiropheos
1136 3815 1230 3855 annos
1242 3804 1333 3852 trun·

241 3887 304 3952 cst3
326 3899 414 3957 quem
436 3888 536 3937 tamen
558 3877 659 3958 putari
679 3877 792 3958 reperit
812 3881 953 3938 ultimum
977 3881 1008 3938 in
1031 3880 1165 3940 Africani
1192 3876 1333 3958 Dynnstia

243 3961 292 4026 15.
315 3982 383 4041 pag.
398 3968 449 4030 61.
466 3963 498 4026 Β.
517 3963 583 4042 ipse
600 3983 718 4042 quoque
733 3963 838 4023 debuit
854 3964 991 4038 ultimum
1005 3966 1075 4024 licet
1094 3974 1202 4043 quarto
1218 3971 1335 4020 tantum

144 4100 147 4107 .
240 4045 486 4125 locomeputare,
509 4057 539 4107 et
557 4049 611 4107 sub
634 4048 696 4107 eius
721 4048 864 4131 imperio,
888 4070 927 4108 ue
947 4052 1069 4110 caeteris
1086 4046 1281 4125 Chronologis
1304 4065 1336 4104 ee

241 4140 392 4210 opponat,
411 4132 530 4211 Iosepiii
551 4134 754 4212 principatum
776 4155 946 4194 recensere:
968 4132 1010 4214 μή
1031 4135 1104 4212 ἔχων
1126 4131 1269 4194 ὁπωσοῦν
1286 4129 1335 4191 ἐπὶ

234 4211 334 4276 ’ἄλλον
348 4211 426 4288 τινὸς
441 4212 535 4280 αὐτόν
547 4217 753 4299 παραθέσθαι,
768 4215 1141 4300 μετήγαγεντόνἎφωφιν
1155 4211 1217 4279 sind
1230 4209 1335 4296 nisti·

242 4299 416 4372 δυναστείας
429 4300 472 4372 εἰς
482 4299 538 4380 τὴν
556 4297 600 4375 αξ.
615 4300 791 4381 κολοβαὶαας
803 4302 841 4366 ad
856 4304 905 4379 ἕνη
921 4299 1015 4364 αὐτοῦ
1031 4298 1084 4376 ’ξαῖ
1105 4297 1280 4382 ὑπάρχοντα
1294 4301 1336 4372 εἰς

245 4380 290 4448 ui.
332 4383 452 4444 Vindex
458 4384 549 4463 igitur
565 4386 723 4459 Autboris,
746 4389 839 4468 ipsius
850 4388 957 4464 verbis,
970 4408 1031 4447 uno
1044 4387 1107 4448 eolo
1118 4387 1250 4471 dempto,
1264 4405 1336 4448 con·

937 4637 952 4671 Ι
