3109 4959
250 405 325 480 424
632 409 977 478 EMENDATIONES

158 569 190 624 V·
205 569 241 626 ³3
274 642 277 648 ,
339 572 464 654 Πρῶτος
476 567 578 642 seiri}
590 568 643 646 τῆς
657 559 701 641 ιζ’.
717 566 912 645 δυναστείας]
927 566 1062 638 Quorum
1075 567 1195 626 nomina
1211 567 1248 626 ab
1264 566 1349 625 sliri·

252 677 328 718 cano
353 664 491 715 taceatur
512 674 543 734 p.
566 657 617 718 61.
642 659 770 731 quatuor
796 662 915 710 teritum
936 652 972 709 ab
996 652 1122 710 Eusebio
1153 663 1349 712 numerantur

252 761 320 824 pag.
340 746 392 807 62.
414 740 521 798 citata:
543 755 660 815 exque
685 736 815 813 crimen,
838 745 867 794 et
892 737 1012 813 Georgii
1036 737 1181 816 querelae.
1224 739 1283 797 Sex
1295 735 1348 794 isti

251 834 497 990 Pss⁵10szxffi⁰n⁸cs
514 821 656 985 ἕτίηΗέεἳῗ]ι
670 820 1099 984 Ιὲἓῗξιὴῖἓηῖιῗῗιξίὴέσιίὶςεε
1116 907 1190 966 huic
1208 905 1348 985 imputat.

253 995 385 1073 Uterque
399 1013 472 1052 vere
488 990 551 1049 eius
564 990 649 1068 regni
662 988 746 1048 limes
761 990 939 1067 scaligerum
956 989 1101 1057 annis22.
1115 1011 1213 1052 errare
1226 994 1349 1050 demon.

252 1088 337 1139 stret.
382 1077 449 1158 lpse
470 1075 627 1156 proprium
645 1074 765 1133 damnat
789 1095 921 1136 errorem
941 1076 1095 1136 Causarum
1124 1078 1218 1157 lsage.
1240 1076 1294 1136 lib.
1314 1083 1347 1142 2.

252 1185 321 1246 pag·
337 1166 408 1229 130.
425 1171 455 1220 et
469 1180 561 1219 annes
575 1162 626 1226 35.
640 1159 782 1218 restitnit.
890 1172 892 1177 ’

342 1252 403 1310 Τοῦ
414 1243 447 1310 dl
461 1239 575 1325 κόσμου
590 1237 632 1324 ἦν
646 1242 710 1316 ἔτος
725 1239 844 1327 ymeri]
865 1245 911 1304 lta
932 1244 1137 1323 reponendum
1157 1237 1264 1331 Ιγφὶιηὶ
1280 1244 1349 1304 vice

253 1353 346 1412 aequa
361 1329 537 1392 numerandi
549 1330 626 1389 ratio
641 1329 753 1388 suadet.
783 1329 1009 1389 Nitecrisenim
1021 1350 1143 1408 regnum
1160 1352 1238 1390 errare
1254 1331 1349 1396 3570.

253 1416 418 1496 auspicata,
439 1414 595 1475 sexennis
616 1413 693 1472 illud
714 1413 861 1473 obtinuit:
889 1435 921 1472 ea
946 1425 1072 1494 prepter
1089 1435 1241 1475 successor
1260 1416 1349 1492 Myr-

251 1512 335 1561 taeus
351 1498 716 1560 Ammonedetusinitium
733 1499 781 1556 sui
802 1499 919 1575 vulgari
934 1499 1040 1558 mundi
1058 1520 1136 1558 anno
1156 1502 1252 1566 3576.
1269 1499 1348 1558 lixit.

254 1587 330 1647 sitsi
347 1586 413 1664 quis
428 1585 466 1643 ad
481 1604 591 1643 annum
604 1585 697 1649 3598.
727 1583 874 1642 Nitecrim
887 1583 1046 1663 imperium
1058 1604 1235 1663 prorogasse
1247 1584 1349 1664 suspi-

253 1679 350 1730 cetur:
374 1669 444 1728 exin
462 1678 601 1747 arguetur
621 1667 695 1726 salsa
712 1668 898 1746 suspicatus,
921 1669 1115 1747 quodminus
1140 1673 1233 1735 3598,
1249 1678 1285 1727 ut
1300 1688 1349 1726 se-

254 1775 348 1833 quens
375 1754 575 1814 Thebaeorum
602 1771 704 1830 regum
729 1752 907 1811 laterculum
931 1752 1101 1811 manifestat
1127 1773 1192 1832 pag.
1215 1755 1286 1820 105.
1309 1752 1346 1814 A.

252 1838 456 1899 'shnesimaris
478 1836 603 1917 imperio
625 1837 716 1896 luerit
736 1847 940 1895 consecratus:
963 1856 1133 1915 praecessor
1147 1849 1246 1897 autem
1261 1838 1348 1915 Myr-

253 1932 339 1982 taeus
353 1924 439 1982 annis
456 1929 508 1988 22.
523 1930 641 1997 sceptra
661 1929 812 1977 tenuerat:
834 1921 891 1978 iam
907 1921 999 1997 igitur
1013 1921 1050 1978 ab
1070 1941 1150 1981 anne
1167 1925 1261 1988 3576.
1286 1940 1348 1998 quo

252 2007 383 2066 Nitecris
398 2005 511 2063 exactis
524 2007 606 2080 regni
622 2022 674 2060 sex
687 2003 772 2062 annis
785 2004 848 2062 vita
865 2005 1038 2064 decesserat.

344 2093 404 2151 Τοῦ
426 2086 459 2150 δὲ
474 2082 584 2167 κόσμου
598 2077 639 2166 ἦν
658 2085 721 2160 ἔτος
735 2083 856 2172 pomi]
876 2089 942 2147 lloe
961 2091 1042 2146 alind
1059 2086 1185 2147 Librarii
1206 2086 1347 2146 mendum

252 2174 379 2233 tollitur.
413 2170 558 2252 Thelnien
575 2173 771 2231 annemundi
788 2177 880 2236 3390.
896 2174 1035 2245 ineunte,
1057 2178 1092 2228 ut
1105 2192 1122 2230 e
1135 2171 1346 2248 Sicyoniorum

251 2279 354 2336 regum
367 2257 562 2338 praecedente
576 2257 785 2335 diagrammate
799 2275 866 2334 pag.
884 2260 953 2321 102.
966 2256 998 2316 C.
1013 2255 1122 2332 legenti
1138 2265 1237 2334 petet,
1260 2256 1344 2333 regni

253 2355 451 2419 consequutus
465 2341 609 2419 insignis,
633 2359 802 2420 supremam
819 2347 994 2417 potestatem
1020 2340 1105 2400 arenis
1128 2347 1180 2409 52.
1196 2342 1344 2401 exercuit:

253 2446 316 2485 nen
328 2425 420 2500 igitur
437 2425 494 2483 alio
510 2445 597 2502 qnam
611 2426 704 2490 3442.
718 2443 751 2483 ea
768 2424 870 2503 potuit
883 2425 1034 2486 excedere.

336 2509 404 2586 Peg.
423 2507 493 2573 105.
520 2505 603 2579 Τινὲς
615 2505 668 2569 τόν
682 2503 872 2588 αὐτόχθονα]
888 2510 1017 2590 Repenit
1030 2509 1104 2569 haec
1116 2510 1247 2588 Scaliger
1253 2531 1285 2590 p.
1293 2514 1345 2576 21.

251 2594 290 2654 ad
310 2603 428 2673 tempus
449 2612 509 2671 que
527 2611 566 2651 ex
588 2589 675 2656 laceb
690 2601 778 2649 natus
803 2601 846 2650 est
865 2595 952 2653 Levi:
981 2604 1011 2653 et
1025 2595 1181 2653 Eusebium
1198 2597 1345 2652 Graecum

252 2679 358 2738 Latine
375 2676 521 2737 contraria
535 2674 711 2735 sentientem
725 2676 887 2753 componit.
930 2676 988 2735 llic
1000 2677 1079 2733 enim
1093 2679 1131 2735 ad
1147 2679 1280 2735 Abrahae
1294 2681 1344 2741 50.

152 2762 185 2816 l’.
202 2762 239 2818 86
255 2773 286 2822 et
313 2762 519 2821 Semiramidem
542 2765 594 2826 41.
643 2759 734 2838 Apud
763 2760 898 2834 Οιείτισι,
926 2759 1040 2836 inquit,
1069 2764 1205 2837 regnarit
1225 2764 1346 2838 primus

253 2845 324 2909 Cres
344 2845 498 2927 indigena.
539 2847 577 2906 Et
595 2844 705 2904 iterum
727 2843 765 2902 ad
788 2843 923 2902 Abrahae
938 2848 1010 2909 130.
1025 2843 1108 2901 lsaec
1124 2848 1177 2909 30.
1192 2855 1221 2903 et
1245 2843 1346 2902 arabii

251 2932 442 3010 Assyriorum
466 2929 543 3007 aegis
563 2934 593 2995 9.
642 2932 712 2988 IIec
736 2940 866 3006 tempere
890 2931 923 2986 in
953 2930 1043 2988 Creta
1067 2932 1207 3008 regerent
1223 2931 1347 3007 primus

256 3017 327 3076 Cres
347 3014 508 3094 indigene,
540 3024 575 3070 nt
600 3014 729 3092 quidam
751 3016 875 3072 velrsnt:
910 3013 981 3071 Alit
1005 3034 1073 3072 vere
1101 3017 1346 3092 suprascriptum

254 3113 368 3178 tempus
380 3097 556 3161 vindicent:
578 3118 653 3177 quae
668 3099 767 3157 eadem
783 3101 896 3158 Graece
910 3097 1053 3175 Georgius
1063 3099 1212 3178 exprimit.
1234 3099 1345 3156 Verum

251 3187 289 3244 de
305 3187 389 3244 Crete
407 3184 541 3244 nondum
554 3183 711 3261 loquutus,
734 3181 849 3261 aliquid
868 3183 927 3240 iam
944 3201 975 3240 se
995 3202 1171 3242 memorasse
1192 3182 1344 3242 affirmans

250 3269 369 3330 Eusebii
384 3269 482 3330 verbis
497 3268 598 3327 minus
611 3287 680 3327 vere
695 3286 726 3326 se
744 3268 787 3325 nti
801 3287 861 3326 non
875 3266 1095 3325 ersirnadvsrtit.
1232 3260 1238 3273 '

330 3348 579 3432 ’Λφυκνῶσανισς
594 3357 648 3414 τοῦ
660 3346 796 3434 'addendis
811 3355 854 3437 τῷ
867 3345 909 3412 ιε’.
924 3349 982 3412 ἔτει
997 3353 1054 3412 τοῦ
1066 3344 1191 3432 Ἰακώβ]
1233 3351 1289 3410 His
1304 3369 1343 3408 ex

253 3437 377 3516 Ioseplao
391 3437 491 3498 relatis
506 3437 551 3496 nil
567 3437 663 3497 simile
677 3439 790 3516 prefert
804 3437 867 3515 ipse
882 3433 1036 3514 losephus.
1060 3436 1233 3507 Quinimmo
1247 3434 1299 3496 lib.
1315 3438 1344 3498 1.

251 3521 372 3599 Antiqu.
388 3543 450 3602 cap.
463 3527 512 3588 18.
528 3531 597 3602 pest
611 3533 737 3582 mortem
750 3520 886 3579 rlbralrac
900 3521 1027 3578 aratalem
1042 3520 1128 3578 laceb
1141 3520 1219 3576 diem
1232 3519 1343 3576 refert:

249 3599 351 3690 Ἰσάκῳ
365 3601 398 3666 δὲ
409 3603 481 3684 μετὰ
498 3612 551 3670 τοῦ
565 3601 717 3687 Ἀβράμου
730 3601 869 3684 τελευτήν
883 3599 963 3666 ἐκύει
976 3601 1008 3667 eri
1024 3598 1161 3686 γύναιον.
1188 3605 1342 3678 Defuncto

250 3711 320 3750 vere
333 3688 528 3765 Abralrame,
549 3712 624 3748 uxor
636 3693 717 3750 draci
727 3690 852 3768 gerebat
862 3699 991 3750 uterum.
1035 3687 1115 3744 llaec
1131 3684 1233 3744 eadem
1251 3687 1341 3746 verbo

250 3785 339 3834 tenus
358 3774 510 3834 cedrenus
532 3773 670 3832 editionis
698 3773 806 3852 Regiae
828 3792 894 3853 pag.
911 3774 964 3836 33.
994 3768 1070 3828 nulli
1099 3776 1199 3829 tanen
1221 3771 1342 3834 antheri

251 3860 392 3938 ascripta.

338 3949 386 4028 Τῷ
399 3935 451 4022 με’.
467 3937 524 4002 ἔσει
536 3933 659 4020 Ἰακώβ]
676 3937 879 3998 Annnslecob
891 3937 943 4002 45.
957 3936 1044 3996 debet
1057 3957 1119 3998 esse
1130 3938 1237 3998 mundi
1248 3943 1332 4008 3517

251 4030 296 4088 sel
312 4030 404 4094 3518.
421 4028 507 4086 iuxta
523 4025 698 4084 alterutrum
714 4032 889 4103 cmnputnm
903 4021 1059 4103 hueusque
1075 4023 1112 4083 ab
1130 4023 1266 4086 tumere
1285 4026 1340 4085 ob-

249 4122 553 4277 δθΓῊ’ἱόἙφιιιιιιινός
567 4187 618 4268 ιζ’.
631 4191 705 4255 ἐτῶν
718 4189 795 4274 λέγει
810 4190 912 4254 ἐλθεῖν
922 4191 976 4258 τὸν
987 4187 1114 4275 Ἰακώβ]
1137 4191 1269 4252 Assentit
1282 4191 1340 4249 lie-

251 4282 346 4341 sebins
359 4281 517 4355 Africano,
538 4299 645 4356 eosque
664 4287 827 4354 sequuntur
841 4278 1024 4339 Biblicorum
1043 4277 1197 4336 annalium
1209 4277 1340 4352 scripte-

250 4386 296 4426 res
311 4365 477 4424 'lorniellns
492 4375 521 4422 et
534 4364 678 4424 Salienus.
700 4361 799 4421 Huius
814 4374 973 4443 computos
986 4368 1163 4428 anrre2276.
1178 4370 1224 4421 est
1238 4358 1339 4418 buius-
