3109 4959
540 472 600 539 ET
620 470 972 541 ANNOTATIONES.
1223 463 1300 541 515

209 626 283 687 luda
296 626 449 689 historiam
464 637 493 688 et
511 632 582 696 281
599 628 633 691 Ι).
661 628 704 688 De
723 629 862 689 lasonea
885 630 950 698 lesu
970 628 1035 691 fitis
1059 626 1165 691 Sirech
1182 628 1299 693 diuerso

208 712 319 773 iterum
338 713 482 791 Georgius
498 734 563 793 pag.
575 714 648 779 286.
668 713 703 774 l).

291 799 358 876 Peg
380 804 453 865 277.
465 794 535 860 Ὀτι
552 820 593 879 τῳ
580 792 682 879 ρλῖ.
701 799 855 879 βασιλείας
866 793 1036 879 'litter-rom]
1055 798 1188 877 Regnum
1204 798 1301 860 Grae·

209 900 328 956 comm,
351 882 387 942 de
412 858 615 962 quoldaccib.
634 888 661 948 1.
678 902 744 963 cop.
761 892 790 949 1.
809 905 841 948 r.
855 888 904 949 11.
924 884 1005 944 idem
1029 882 1112 963 quod
1126 883 1302 943 Seleucida·

205 985 274 1024 rum
281 966 555 1045 ,postAlexaudri
570 966 609 1026 bl.
623 968 739 1027 obitum
756 977 787 1028 et
802 988 897 1028 annos
911 967 1067 1029 duodecim
1084 969 1237 1048 propriam
1256 968 1301 1028 si-

206 1048 237 1110 bi
252 1070 349 1109 aeram
365 1052 536 1127 constituit,
557 1071 574 1110 a
590 1051 673 1111 cuius
687 1052 783 1111 limite
799 1053 941 1134 proximo
957 1053 996 1113 ad
1011 1052 1151 1113 Antiochi
1163 1050 1300 1133 Epipha-

206 1134 253 1193 nis
272 1145 390 1215 tempus
413 1096 557 1195 Eusebius
579 1145 608 1194 ot
627 1136 677 1215 qui
700 1158 800 1199 sacros
818 1139 947 1198 Annales
967 1126 1140 1197 tractavere
1152 1136 1299 1215 Salienus,

205 1218 389 1294 Torrriellus,
412 1221 557 1298 Scaliger,
578 1220 734 1299 Petavius,
756 1231 787 1282 et
806 1223 857 1282 alii
872 1244 932 1283 una
947 1243 1017 1282 cum
1032 1242 1119 1282 sacro
1139 1230 1225 1282 textu
1239 1241 1302 1283 au·

205 1324 261 1362 nos
277 1308 347 1369 137.
369 1315 538 1365 numerant.
582 1306 726 1383 Georgius
751 1317 853 1369 noster
871 1307 932 1367 lixa
955 1308 994 1367 ad
1011 1327 1122 1366 annum
1136 1306 1302 1366 Alexandri

134 1387 136 1392 ’
205 1397 330 1447 mortem
351 1399 510 1467 sequutum
533 1390 757 1451 Seleuciderum
777 1413 862 1468 aero,
884 1403 913 1453 et
938 1411 1017 1451 anno
1039 1411 1098 1452 uno
1116 1391 1249 1469 Seleuci,
1270 1399 1303 1451 et

205 1473 299 1531 altero
315 1473 455 1532 Antiochi
472 1475 664 1534 Callinici
622 1495 672 1553 reg
664 1497 713 1535 ¹no
730 1485 850 1556 praeter
867 1476 985 1536 Eusebii
1000 1476 1132 1535 calculos
1151 1475 1300 1535 concessis

206 1578 300 1615 annos
316 1561 385 1623 139.
401 1558 437 1617 ab
453 1558 617 1619 Alexandri
634 1560 717 1621 obitu
731 1561 770 1620 ad
785 1572 982 1620 memoratum
998 1561 1182 1659 Epiphanem
1196 1560 1300 1620 Antio-

205 1640 295 1701 chum
313 1643 413 1721 ponit.
435 1664 470 1703 ec
490 1644 614 1723 insuper
631 1653 697 1704 toto
718 1644 863 1705 decennio
876 1666 893 1703 a
908 1646 1060 1706 communi
1077 1645 1301 1705 Seleucidarum

204 1740 271 1785 aera
285 1726 448 1804 divagatur,
469 1728 551 1807 quod
567 1728 653 1787 aunis
667 1727 837 1807 duodecim,
854 1730 939 1811 prius
956 1749 1044 1807 quam
1059 1750 1117 1809 par
1131 1730 1219 1807 foret,
1235 1749 1299 1789 mm

203 1810 337 1869 stabilire
357 1830 499 1891 praeceps
523 1813 726 1875 anteverterit.
777 1813 898 1893 Georgii
921 1814 1147 1874 hallucinationi
1167 1815 1300 1873 demon-

204 1896 341 1954 strandae
360 1896 502 1976 proprius
516 1907 656 1957 occurret
668 1898 753 1958 loeus
767 1898 805 1957 ad
820 1919 889 1979 pag.
905 1903 977 1965 286.
1003 1897 1262 1977 Quemcumque
1236 1916 1301 1957 erus

203 1998 335 2039 errorem
357 1990 387 2039 et
408 2002 555 2041 annorum
572 1982 722 2041 delectum
740 1984 957 2044 emendatiores
980 1994 1099 2043 nostrae
1116 1982 1235 2041 tabulae
1249 2002 1301 2041 re-

202 2064 330 2124 stituent
348 2065 386 2123 ad
407 2065 502 2146 ipsios
525 2067 646 2145 Georgii
667 2076 813 2145 mentem,
834 2068 887 2148 qui
904 2068 974 2127 licet
996 2068 1301 2145 Syromacedonicum

202 2148 363 2229 imperium
384 2150 421 2208 ab
441 2151 604 2211 Alexandri
624 2151 708 2211 obitu
723 2172 942 2232 nonnunquam
954 2152 1124 2228 emetiatur,
1145 2151 1184 2209 ad
1202 2152 1301 2209 casti-

202 2236 330 2312 gatiores
344 2235 476 2295 calculos
491 2236 671 2315 quaudoque
685 2256 840 2311 reversus,
862 2236 900 2295 ab
915 2237 1003 2295 annis
1018 2235 1233 2316 posterioribus
1246 2236 1301 2294 de·

202 2320 376 2378 ducendum
388 2320 553 2401 permittit,
575 2322 612 2381 de
629 2341 689 2400 quo
704 2330 777 2381 uota
793 2321 936 2381 inferiore
950 2331 1034 2381 sexta
1049 2329 1188 2381 occurret
1200 2340 1301 2379 exem·

199 2403 296 2483 plum.

285 2487 354 2565 Pflg·
376 2492 448 2555 282.
473 2486 584 2567 Τῖτος]
604 2488 690 2549 Titus
709 2489 853 2563 Quintius
877 2488 989 2551 θοιιιιιῑ
1010 2489 1049 2548 ad
1075 2506 1187 2547 anuum
1212 2487 1247 2553 V.
1266 2489 1300 2550 C.

201 2571 273 2638 655.
291 2590 359 2629 cum
371 2583 456 2632 sexto
473 2572 571 2633 Aelio.

289 2670 424 2775 Περσεύς
447 2666 544 2753 lm
516 2696 556 2753 η
577 2671 628 2737 uui
647 2678 747 2757 μῆνας
768 2668 824 2753 &'.]
851 2673 969 2735 hubone
990 2693 1165 2753 reponerem
1191 2671 1242 2753 ἔτη
1257 2670 1300 2737 θ’.

201 2758 253 2823 καὶ
270 2753 430 2839 μῆναςθ’.
453 2757 573 2819 Author
588 2758 666 2817 enim
682 2780 747 2839 pag.
761 2765 834 2825 267.
848 2760 882 2818 B.
902 2778 961 2838 qua
979 2758 1017 2818 de
1030 2759 1228 2818 Macedonum
1246 2779 1300 2818 re-

201 2845 287 2923 gibus
302 2842 444 2902 historice
457 2852 582 2919 tractat,
605 2844 768 2926 completas
788 2846 890 2903 decem
909 2863 1021 2920 anuos,
1042 2852 1133 2923 prout
1143 2820 1300 2905 husebins

201 2938 233 2989 et
248 2947 406 3008 sequaces,
428 2927 608 3007 impertitur.

291 3029 541 3104 Ψουδοφίλιππος
558 3027 621 3103 ἔτος
637 3026 694 3107 tu]
715 3027 868 3090 Eusebius.
894 3025 1176 3107 Pseudophilippus
1190 3039 1301 3107 regnat

201 3115 236 3174 in
251 3110 434 3171 Macedonia
458 3134 538 3171 anuo
563 3134 633 3172 uno.
660 3112 840 3214 Scaliger
830 3133 861 3172 m
881 3113 1129 3173 Pseudoeusebio.
1178 3114 1298 3175 Ψευδο-

201 3200 349 3281 φίλιππος
359 3196 548 3277 ἐβασίλευσεν
563 3196 612 3278 ἔτη
630 3187 698 3260 tv'o.

284 3291 426 3371 Ἐναλλιῖξ
410 3297 659 3379 ξὲβασίλευσεν.]
681 3297 796 3357 Primae
811 3296 897 3358 vocis
917 3298 1050 3357 delectus
1066 3316 1186 3356 sensum
1204 3297 1298 3355 muti-

201 3383 266 3443 lum
291 3383 385 3441 elficit
405 3384 617 3491 Scaligeriaui
620 3383 738 3443 Eusebii
758 3403 825 3462 pag.
850 3383 902 3448 54.
931 3384 1134 3443 obscuriorem
1161 3382 1298 3459 iuferius,

200 3468 385 3547 particulis'
372 3465 565 3547 εχρημάτισεν
580 3460 652 3545 οὖν,
674 3470 706 3527 in
722 3462 960 3548 ἐχρημάτισεν
930 3490 1025 3543 staua,
1047 3467 1181 3529 mutatis.

286 3572 353 3649 Peg·
375 3570 446 3636 284.
465 3567 670 3672 ‘Oliepuoudr
683 3564 798 3650 ἐκλήθη
821 3564 932 3686 erupi]
962 3567 1182 3649 Typographas
1203 3568 1300 3628 Scali-

200 3656 265 3734 geri
281 3676 383 3717 errans
403 3651 503 3736 dr'pp.

287 3753 373 3819 Kuroi
387 3752 445 3859 miv
462 3750 529 3863 ρλξ.
543 3746 755 3857 ’Oivpmudu]
778 3754 909 3830 Scaliger
930 3753 967 3813 ad
986 3753 1103 3812 Eusehii
1123 3763 1297 3833 computum

200 3836 277 3903 nurui
296 3838 355 3920 mir
377 3834 453 3921 pisi'.
476 3836 671 3937 Ὀλυμπιάδα.
698 3838 836 3916 Aulhor,
858 3802 1015 3898 duodecim
1036 3839 1140 3914 annis,
1167 3850 1203 3897 ut
1226 3846 1297 3897 nota

202 3934 286 3985 sexta
301 3929 455 4006 superiore
475 3926 697 4006 proemisimus,
720 3925 944 3984 Seleuciderum
960 3942 1053 4001 regno
1068 3923 1248 4003 anteposito,
1272 3922 1298 3980 si

200 4009 277 4070 bene
290 4021 427 4070 numeret
445 4012 482 4071 ad
504 4010 711 4090 Olympiadem
730 4011 802 4075 134.
824 4008 998 4084 obeuntem,
1020 4008 1069 4067 vel
1091 4007 1129 4066 ad
1152 4005 1255 4073 135.
1244 4026 1299 4064 m·

202 4104 321 4153 euntem
339 4095 483 4154 Antiochi
498 4094 595 4173 Magni
610 4102 734 4153 revocat
751 4093 885 4153 initium.
908 4115 942 4152 co
965 4112 1037 4152 sero
1059 4092 1217 4151 duodecim
1240 4110 1297 4149 au-

201 4178 264 4255 nis,
285 4187 320 4238 ut
336 4179 413 4238 ratio
431 4190 598 4259 temporum
617 4180 730 4257 exigit,
752 4179 889 4238 submoto
898 4177 1044 4258 ,primus
1066 4178 1129 4235 eius
1145 4195 1241 4234 annus
1263 4176 1297 4233 iu

203 4264 652 4345 Olympiad1s137annum4.
673 4264 1018 4343 comperiturincidere:
1039 4260 1208 4340 quaeratis
1228 4280 1297 4317 mo-

201 4359 254 4407 vet
270 4348 488 4409 Seleucidarum
511 4372 608 4409 seram
624 4350 714 4427 longo
731 4353 828 4445 spot-io
850 4347 1015 4407 Alexandri
1034 4353 1129 4404 morte
1148 4343 1298 4424 posterio-

200 4452 265 4493 rem
283 4453 498 4515 uonnuuquam
515 4434 727 4497 Authorem
693 4434 862 4513 agnovisse,
885 4454 924 4492 ex
938 4442 1010 4494 nota
1026 4429 1180 4512 superiore
1196 4430 1297 4492 citato.
