3109 4959
560 459 619 527 ET
639 456 989 527 ANNOTATIONES.
1243 451 1317 526 489

230 626 403 757 {ltnllt
411 610 840 763 ..tlttilt’ttittt'
854 625 1053 763 6¹:213?
1065 627 1318 763 03:3⁰3?

229 782 333 843 bonda.
376 783 442 842 Non
457 784 718 867 praetermittendo
734 785 787 845 hic
801 785 839 844 ad
857 786 973 847 tsbulas
992 787 1221 865 chronologicas
1238 808 1317 846 amm

228 869 321 932 3736.
337 868 467 948 scripta·
489 878 517 928 et
531 868 660 928 maxime
676 891 751 950 quae
770 870 877 930 scribit
897 872 1014 932 Author
1026 893 1093 951 pag
1109 876 1159 938 62.
1178 872 1210 933 C.
1227 872 1317 950 bloy-

229 970 282 1010 sen
297 951 350 1010 sub
364 951 454 1014 huius
469 952 603 1015 Amosios
616 963 734 1035 tempus
748 953 830 1016 haud
844 964 963 1036 astum,
984 957 1036 1018 sed
1052 966 1166 1015 tontum
1182 955 1317 1016 iuvenem

229 1035 372 1096 extitisse.

315 1122 517 1204 Πεντενθνοῖς
529 1121 580 1203 ἔτη
594 1117 644 1204 μβ
646 1123 668 1204 .]
690 1121 774 1196 Quae
786 1147 808 1205 p
801 1125 980 1199 meccedem,
1002 1124 1051 1181 vel
1064 1132 1245 1201 sequuntur,
1265 1121 1318 1182 in·

228 1212 311 1281 tegra
326 1215 410 1263 sunt:
434 1208 547 1267 desolo
566 1228 690 1267 numero
705 1205 749 1278 ις’.
766 1230 782 1266 s
800 1209 933 1268 Librario
952 1209 1051 1305 posito
1068 1207 1191 1267 dubium
1213 1226 1245 1268 ss
1263 1208 1319 1265 of-

229 1289 296 1346 fert.
337 1289 511 1350 blendosum
526 1293 670 1373 probat
646 1311 708 1350 erus
724 1293 869 1367 brevitas,
890 1302 926 1351 ut
942 1312 995 1372 qur
986 1293 1045 1349 ab
1060 1312 1138 1350 anno
1151 1297 1244 1358 3726
1263 1293 1316 1368 qul

228 1371 458 1453 Pentesthyreos
471 1397 563 1455 regno
581 1377 687 1436 dedit
678 1374 800 1435 initium
813 1379 851 1436 ad
865 1381 960 1444 3766.
976 1397 1033 1456 qno
1055 1376 1168 1435 finis
1143 1396 1206 1434 eius
1225 1375 1317 1457 poni·

227 1467 295 1533 tur,
286 1478 381 1622 ,nappe
394 1462 490 1539 possit
503 1482 567 1522 esse
580 1462 695 1522 medrus
703 1505 713 1538 ,
735 1461 793 1520 nisi
813 1468 865 1530 26.
885 1461 1011 1543 recipiat
1030 1470 1229 1540 augmentum.
1254 1460 1318 1519 lle·

227 1561 343 1622 ponop

313 1628 382 1702 l’ag.
407 1629 476 1692 124.
498 1621 655 1692 Βασιλεύει
671 1624 704 1692 δὲ
715 1624 854 1726 'longeest
875 1628 955 1688 llaec
969 1628 1095 1688 Eusebio
1107 1627 1231 1688 adversa
1244 1629 1319 1686 Sea-

226 1708 300 1784 liger
315 1710 426 1767 omittit
446 1731 511 1787 pag
525 1717 575 1776 23.
590 1714 705 1788 reliqua
726 1715 850 1770 resumit
863 1714 924 1768 ab
915 1712 980 1770 istis
995 1712 1102 1770 verbis.
1126 1711 1187 1774 ὅδὲ
1200 1707 1319 1790 χρόνος.

226 1793 316 1864 Quod
334 1813 422 1869 porro
439 1793 569 1870 Scaliger
584 1794 662 1853 idem
680 1815 777 1873 nuper
793 1796 915 1874 scripsit
927 1793 1042 1874 Ἴναχος
1053 1794 1255 1892 ,ἐβασίλευσεν
1266 1796 1318 1874 ἔνη

225 1870 263 1954 η’.
284 1876 427 1934 mendum
450 1887 512 1949 cst,
536 1873 619 1957 ειη.
635 1875 781 1944 simileo'.
796 1880 942 1958 scriptum
955 1879 1084 1959 putarit.
1132 1879 1176 1938 lta
1198 1880 1318 1958 scripsit

225 1959 370 2020 Eusebius
386 1981 478 2018 ιιιιιιοι
494 1920 544 2027 60.
563 1961 667 2022 Inachi
681 1981 772 2060 regno
787 1962 948 2042 imputans.
992 1962 1138 2040 Georgius
1160 1973 1262 2022 noster
1280 1963 1319 2022 sd

227 2045 279 2110 66.
300 2045 454 2123 protendit
471 2044 605 2104 lnschi
595 2047 755 2128 imperium
774 2048 864 2129 paulo
888 2047 1030 2108 iuferius:
1053 2048 1135 2127 quod
1149 2048 1319 2127 marginalis

228 2129 442 2189 emendationis
459 2150 548 2188 causa
564 2130 628 2196 suit.

306 2210 379 2293 ”Ean
395 2208 481 2292 νοςῖ]
503 2214 654 2274 librarius
668 2213 742 2272 salso
762 2223 794 2275 ot
810 2211 951 2272 mendose
962 2208 1037 2294 ovy'.
1066 2215 1141 2272 Cum
1161 2216 1240 2274 enim
1256 2214 1319 2274 Αι-

228 2317 262 2376 ι)
264 2318 326 2357 rios
327 2318 377 2354 usn
391 2299 473 2372 regui
489 2298 681 2354 fundamenta
695 2315 848 2355 commum
840 2296 966 2357 mundi
979 2319 1058 2356 anno
1074 2301 1167 2363 3216.
1184 2318 1223 2356 ex
1238 2299 1318 2363 seri·
1337 2333 1340 2338 -

227 2382 287 2462 ptis
303 2400 367 2459 pag.
384 2384 434 2444 92.
450 2388 479 2437 et
492 2383 542 2446 96.
557 2381 591 2440 t).
609 2380 670 2440 sint
688 2380 806 2459 posita,
828 2389 859 2440 et
875 2382 1054 2459 Argivorum
1069 2400 1193 2459 regnum
1212 2381 1318 2441 mundi

227 2469 320 2532 3692
339 2464 499 2542 sumpserit
515 2464 651 2532 initium·
672 2465 777 2546 utique
795 2474 867 2544 post
876 2489 951 2542 νος
966 2467 1038 2534 476.
1059 2485 1153 2528 asinos
1171 2466 1207 2525 ab
1222 2465 1320 2548 Assy-

226 2549 340 2609 riorum
356 2549 490 2608 exordio.

313 2629 399 2694 Κντά
412 2625 650 2712 ιοΰςιιολλούς]
671 2632 718 2691 Ex
734 2632 862 2692 eliorum
882 2641 961 2691 certe
979 2640 1087 2696 mente.
1115 2632 1257 2693 Diversus
1272 2644 1318 2694 est

228 2717 305 2777 enim
316 2717 460 2776 Autlioris
473 2728 631 2796 computus
644 2735 710 2822 pag.
721 2717 791 2784 166.
805 2718 839 2778 A.
846 2715 892 2776 bis
907 2716 1044 2776 verbim
1025 2740 1082 2791 ιως
1094 2712 1202 2780 τούτου
1216 2715 1317 2802 ὃσμγ’

227 2801 696 2946 lttttl.ltt⁹llltt33
696 2745 1318 2970 ξῖζῗωζΕῗῖἑῗίὲἳέἕ66...ῙῖἶῖἷῖΞῖ

227 2970 406 3075 Argivorum
424 2989 525 3046 regum
540 2971 693 3032 latercula.

313 3047 410 3128 Οὗτος
423 3049 593 3134 Ὀλυμπίων
604 3072 666 3154 arpo
663 3051 759 3133 ἐ.στη]
781 3053 880 3113 Lucios
895 3053 1071 3133 Olympicos
1088 3053 1124 3111 ab
1137 3053 1224 3113 ldseo
1237 3053 1318 3114 ller-

228 3139 296 3199 cule
313 3148 467 3218 reper,tos
488 3160 504 3196 a
520 3140 651 3219 Pelops
643 3161 674 3198 ιιι
692 3138 770 3198 loris
788 3139 966 3198 instauratos
982 3137 1145 3208 honorem,
1166 3148 1196 3197 et
1214 3136 1250 3196 ab
1268 3139 1317 3197 al-

225 3233 292 3283 tero
307 3223 437 3281 nominis
456 3223 587 3282 eiusdem
601 3223 731 3283 Hercule
743 3242 862 3283 rursum
879 3222 1059 3298 observatos,
1081 3244 1116 3282 ae
1131 3180 1250 3280 ilemum
1265 3242 1316 3282 rs·

226 3317 353 3368 sacratos
367 3306 403 3366 ab
417 3306 535 3387 lphito
556 3309 715 3367 Pausanias
731 3307 840 3367 autlsor
854 3307 924 3366 est
913 3326 947 3366 ιιι
969 3307 1088 3366 Eliacis.
1138 3307 1178 3363 lle
1197 3305 1316 3364 instau-

226 3391 301 3454 rstis
316 3392 482 3474 Olympicis
498 3375 635 3454 Petosiris
649 3391 756 3452 diserte
777 3389 828 3457 lib.
845 3395 875 3462 9.
897 3390 935 3453 ds
957 3392 1042 3452 Doct.
1062 3391 1163 3472 Temp.
1179 3409 1245 3472 esp.
1262 3393 1315 3458 33.

226 3487 259 3539 et
276 3498 467 3624 ⁸elllotosieu'ss
489 3557 522 3624 ot
542 3559 592 3640 ἔτη
608 3554 674 3640 νς’.]
696 3557 905 3619 ΕιιιιιιιΙιιιιΙιιι
917 3558 1067 3619 Librarius
1081 3578 1184 3619 errans
1197 3575 1235 3618 ex
1250 3555 1315 3618 Λιι-

226 3643 313 3706 thore
329 3647 437 3707 iustam
451 3643 551 3704 Inachi
567 3653 690 3702 aetutem
705 3644 797 3723 paulo
814 3643 938 3703 inferius
951 3645 1116 3719 referente,
1138 3653 1168 3702 et
1186 3642 1314 3702 Eusebio

226 3727 329 3789 Inachi
350 3751 444 3790 annos
457 3732 508 3797 60.
523 3728 677 3790 scribente.
704 3729 835 3807 Scaliger
849 3727 899 3787 hic
911 3729 962 3793 53.
983 3748 1085 3787 errans
1101 3727 1214 3807 pariter
1229 3725 1315 3785 iudi-

227 3813 351 3873 candus.
397 3816 482 3888 Quae
501 3834 591 3894 porro
614 3811 664 3872 hic
680 3822 782 3883 textus
800 3813 962 3873 obscuritas
980 3811 1126 3890 occurrit,
1148 3830 1186 3870 ex
1200 3811 1315 3870 Pausa·
1386 3810 1390 3816 ’

226 3896 325 3972 sonia,
347 3899 474 3959 Eusebio
493 3899 531 3958 sd
550 3918 661 3957 annum
681 3896 816 3958 Abrahae
828 3901 901 3964 700.
919 3905 949 3955 et
965 3894 1179 3974 chronologiae
1194 3904 1314 3954 sanctas

227 3979 352 4041 uutboro
346 3983 474 4044 ·laeobo
489 3984 636 4043 Auzolaso
651 3982 748 4040 lucem
761 3981 880 4061 accipit.
923 3981 1143 4060 Peloponnesus
1155 3979 1239 4060 prius
1254 3979 1314 4038 Ae·

227 4066 313 4166 giulio
329 4067 420 4125 variis
436 4069 554 4128 subdita
575 4067 684 4148 regulis
700 4067 787 4144 Argis
801 4065 920 4146 quidem
932 4064 1194 4125 habuithcrisium
1201 4082 1314 4142 ,quem

227 4151 340 4212 inscius
355 4151 486 4212 Perseus
508 4174 600 4233 nepos
624 4151 794 4228 interfecit,
820 4152 926 4212 Perseo
959 4158 1047 4210 uatus
1077 4159 1122 4210 est
1145 4147 1313 4222 Sthenelus,

228 4234 366 4297 Sthenelo
388 4235 588 4314 Eurystheus,
610 4236 663 4318 qui
684 4255 809 4314 regnum
833 4234 973 4314 Mycenes
992 4233 1029 4293 ab
1051 4254 1107 4294 svo
1136 4191 1313 4292 translaturi

226 4320 332 4383 stabile
344 4318 425 4380 lecit.
469 4320 562 4379 Pisam
577 4323 684 4402 Pelops
698 4319 839 4394 obtinuit,
856 4329 887 4379 et
899 4321 1057 4380 Ollnomao
1068 4338 1169 4377 socero
1183 4316 1313 4393 sublato,

228 4425 351 4487 regnum
363 4413 393 4466 st
405 4403 576 4487 Olympiam
590 4406 695 4468 urbem
710 4404 790 4467 ludis
804 4364 973 4490 olympicis
987 4402 1194 4468 celebrioribus
1207 4400 1312 4464 reddi-
