3109 4959
543 449 604 516 ET
625 448 977 522 ANNOTATIONES.
1225 441 1301 515 449

213 605 297 666 viam
313 605 405 666 refert
423 603 583 666 Eusebius:
609 601 728 665 Autbor
749 603 789 665 sd
809 603 875 666 Acri
897 616 927 666 et
944 607 1051 668 Crarrai
1071 616 1196 668 aetatem
1220 607 1299 668 circa

214 690 317 749 rnundi
338 693 491 769 vulgarem
512 691 604 758 4000.
622 710 743 750 atinum.
787 691 815 749 ls
833 700 897 750 erat
910 692 976 752 sod
988 693 1164 752 Iudiciariae
1181 695 1299 772 praesc·

214 783 315 834 ctarae
330 778 381 841 33.
399 776 436 834 ad
451 775 527 834 alios
544 778 595 840 31.
613 775 768 834 submovet
788 774 945 835 Africanus
969 797 1002 836 ea
1023 778 1060 837 de
1083 798 1168 837 causa
1184 777 1220 835 ab
1234 779 1299 836 Au-

212 858 298 918 thore
316 859 537 918 conuneudatus
551 877 618 937 pag·
635 859 705 926 154.
721 859 753 919 Β.
775 855 979 941 ὁἈφρικανὸς
992 866 1048 924 τοῦ
1061 856 1198 943 ἀληθοῦς
1212 857 1300 943 ἕγγύς

211 937 410 1022 ἐστοχάσατο,
433 942 497 1005 ἐπεὶ
509 942 561 1006 saal
573 941 661 1021 ἡμεῖς
673 945 903 1023 παραπλησίως,
925 942 968 1025 μὴ
983 945 1098 1028 ἔχοντες
1112 944 1184 1008 ἄλλο
1205 970 1233 1008 τι
1245 970 1299 1007 πε-

211 1025 383 1106 ρισσότερον
399 1030 500 1102 δεῖξαι.
535 1028 689 1086 Caeterum
705 1027 787 1106 quod
809 1029 942 1107 superias
955 1051 1021 1110 pag.
1041 1034 1107 1098 158.
1121 1033 1155 1090 ll.
1170 1031 1234 1088 toa
1247 1037 1298 1098 22.

209 1111 349 1172 videatur
363 1111 507 1170 diluvium
526 1112 700 1190 consignare
719 1132 756 1172 cx
772 1113 891 1172 Eusebii
903 1134 965 1172 non
978 1115 1101 1193 proprio
1117 1135 1207 1174 sensu
1224 1135 1300 1195 pro-

210 1195 298 1270 tulit,
321 1216 380 1274 quo
396 1195 582 1256 Deucalionis
597 1196 711 1258 diluvio
728 1196 766 1256 ad
784 1197 922 1278 Cecropis
937 1219 1049 1258 annum
1064 1200 1115 1265 45.
1129 1199 1239 1274 affixo,
1261 1197 1300 1260 ad

209 1279 277 1339 aot
293 1299 408 1358 quoque
428 1281 585 1358 potestatis
605 1281 753 1341 exercitae
772 1300 883 1342 annum
897 1288 949 1349 22.
971 1284 1104 1362 sequitur
1117 1283 1301 1361 illigandum.

291 1357 362 1426 Ἀπδ
376 1360 585 1444 emitterre]
607 1365 665 1424 lsta
682 1364 799 1446 pluries
813 1367 851 1424 ab
866 1366 1002 1428 Autbore
1021 1367 1147 1451 repetita
1168 1368 1301 1446 Scaliger.

208 1446 314 1506 merito
332 1450 503 1526 pertransit.
527 1448 600 1508 Vide
615 1469 683 1528 pag.
698 1453 768 1517 152.

283 1529 387 1594 ”Altos
402 1531 435 1596 ii
449 1530 522 1614 passi
534 1534 647 1612 reita]
670 1525 801 1608 Quinam
815 1543 903 1594 natae
916 1535 1084 1616 superiores
1096 1545 1261 1618 exponunt.

291 1610 428 1696 Ἀμφίων
443 1618 494 1680 saal
508 1618 636 1699 Ζῆθος]
659 1619 834 1698 importuna
845 1613 1030 1704 ealroloplc.
1159 1658 1161 1662 =

291 1706 403 1781 Μῆλος
423 1701 475 1764 stul
497 1702 616 1781 tiarae]
638 1704 784 1764 Eusebius
799 1705 931 1767 Latinus.
954 1707 1068 1764 Mellue
1081 1715 1109 1763 et
1121 1703 1251 1785 Paphus
1272 1714 1301 1761 et

211 1784 331 1847 Tlruaue
351 1798 379 1844 et
403 1787 535 1845 callista
552 1789 639 1846 urbes
660 1787 808 1851 conditae.
850 1789 888 1848 ln
908 1788 983 1849 baec
1000 1792 1157 1850 Pontacus.
1199 1789 1301 1848 Melus

200 1891 258 1948 per
271 1872 398 1948 simplex
408 1874 439 1932 L
453 1872 582 1932 habetur
594 1872 867 1951 repauso-atonem
875 1884 903 1930 et
915 1875 996 1933 ulios
1005 1874 1210 1953 Geographoe‚
1223 1872 1300 1930 dum

206 1951 243 2012 de
260 1956 365 2012 imola
384 1955 558 2034 loquuntur.
600 1957 698 2014 Etiam
716 1958 806 2016 laodic
827 1959 898 2016 urba
923 1967 953 2017 et
971 1959 1070 2018 insula
1087 1958 1179 2019 maria
1192 1956 1299 2035 Aegaei

204 2057 314 2098 nomen
328 2038 451 2115 retinet,
473 2048 502 2099 et
515 2039 573 2098 alia
585 2039 699 2119 pariter
716 2039 807 2099 Thasi
822 2041 1061 2120 appeliationem.

289 2123 357 2200 Peg·
380 2124 450 2189 158·
477 2119 707 2202 Μαριανδυνή]
736 2125 781 2182 lta
801 2124 909 2203 scripsi
927 2125 1053 2184 Pontaci
1070 2133 1170 2184 motus
1188 2121 1299 2182 autbo-

204 2204 310 2282 ritate,
332 2206 416 2265 cuius
431 2208 527 2267 codex
540 2208 664 2266 Latinus
679 2206 770 2266 babet
783 2206 997 2269 Mariandiaa.
1039 2209 1166 2283 Nostra,
1188 2208 1298 2287 inquit,

204 2291 297 2350 lectio
311 2301 355 2350 est
367 2289 538 2351 retinenda:
559 2312 628 2350 nam
642 2291 832 2371 Mariandyni
842 2293 950 2370 populi
964 2301 1035 2354 suat
1048 2292 1207 2370 Bithyniae
1217 2291 1298 2370 apud

205 2375 394 2450 Strabonem,
415 2375 539 2449 Melam,
561 2375 777 2446 Ptolemaeum,
800 2384 830 2432 et
843 2375 925 2435 alios.

287 2452 468 2533 Ἀϊδωνέως]
489 2459 617 2518 Probata
637 2458 742 2518 lectior
762 2478 826 2518 non
841 2452 1020 2534 Αὕὸωνέως.
1062 2457 1139 2533 Quia
1152 2457 1230 2518 enim
1242 2456 1300 2520 At-

203 2539 301 2607 δωνὲα
315 2543 471 2602 Plutonem
489 2543 629 2619 ignoret?

287 2620 455 2702 Ἐλευσῖνος
471 2623 607 2707 πόλεως]
634 2627 716 2688 Haec
732 2645 849 2707 quoque
875 2634 1025 2687 correcta:
1046 2645 1133 2705 qaam
1152 2624 1224 2684 alibi
1242 2625 1297 2684 ‹le-

202 2721 312 2794 prarat
332 2710 465 2787 Author,
493 2713 648 2773 scribens.»
676 2706 862 2792 Ἐλευσίνης,
896 2720 933 2771 ut
957 2720 988 2774 et
1012 2711 1135 2770 Latinus
1154 2710 1298 2769 Eusebius

202 2797 377 2857 Eleusinae.
404 2795 509 2856 Strabo
522 2796 574 2857 lib.
590 2802 619 2866 9.
642 2790 700 2861 εἶτ’
714 2790 847 2858 biturio
860 2789 961 2871 πόλις,
986 2794 1019 2857 ἐν
1033 2786 1057 2880 ᾖ
1071 2793 1170 2874 τὸτῆς
1187 2789 1298 2874 Δήμη-

202 2904 273 2963 τρος
296 2877 376 2962 ἱερὸν
397 2885 452 2962 τῆς
472 2877 660 2956 Ἐλευσινίας.
702 2882 848 2960 Sequitur
867 2880 943 2939 urbr
962 2880 1091 2940 Eleusin
1118 2879 1242 2961 (Attica)
1263 2881 1297 2938 iu

203 2987 266 3047 qua
275 2967 391 3043 fanum
401 2975 445 3023 eet
460 2966 638 3026 Eleusiniae
653 2965 775 3026 Cereris.
1206 2989 1210 2997 ·

287 3042 423 3129 Keissia]
457 3051 548 3110 Recte
572 3050 733 3112 scribitur-a
766 3047 885 3112 suita.
918 3044 1030 3124 Κελεδς
1054 3043 1151 3131 ὄνομα
1176 3039 1296 3131 uo'psor.

200 3133 326 3197 Nonnus
343 3134 464 3213 Dionys.
487 3138 537 3202 19.

328 3217 392 3280 Kal
414 3214 524 3293 Κελεὸς
544 3215 659 3294 §iustae
682 3217 753 3299 βίον
772 3212 956 3303 παμμήτορα
975 3211 1060 3298 Apri,

330 3302 518 3394 Τριπτολέμῳ
540 3301 597 3367 air
617 3306 713 3366 aaut.

199 3389 243 3450 Et
258 3386 364 3448 Celeus
376 3390 487 3468 excepit
504 3409 687 3447 communem
703 3399 830 3447 matrem
844 3383 978 3450 Cererem
992 3405 1063 3444 cum
1074 3385 1149 3464 filio
1173 3386 1296 3464 tripto-

200 3475 286 3535 lemo.
330 3473 567 3552 Expungendum
586 3473 781 3551 dissyllabum
796 3469 926 3547 Κελεΰς,
948 3471 1157 3550 quorundam,
1178 3479 1214 3528 ut
1237 3472 1297 3527 La·

199 3557 257 3617 tini
279 3557 400 3617 Eusebii
424 3557 544 3616 Caeleus
565 3558 615 3616 vel
644 3557 778 3619 Goeleus.
827 3556 874 3614 An
894 3565 980 3635 pater
1002 3553 1178 3634 Triptolemi
1205 3553 1296 3614 suerit

201 3642 305 3702 Celeus
311 3664 331 3718 ;=
342 3643 468 3702 Nonnus
483 3642 625 3704 asseruit:
653 3642 797 3704 Eusebius
812 3660 878 3702 cum
895 3639 1031 3702 Autbore
1049 3659 1191 3702 coaevum
1206 3639 1294 3707 facita

199 3726 297 3786 lilium
312 3747 373 3786 non
390 3728 518 3804 negavit.
808 3769 810 3774 -
1089 3724 1093 3732 ’

283 3811 351 3889 Peg·
374 3813 444 3878 159.
470 3814 585 3874 Τοῦτον
595 3805 646 3874 τᾶν
659 3803 866 3892 Ἀβιμέλεχκαὶ
880 3831 975 3882 roaga
985 3811 1006 3880 .]
1020 3807 1055 3866 ln
1067 3805 1124 3866 iata
1130 3807 1197 3867 Not.
1203 3827 1235 3886 p.
1243 3807 1294 3872 46.

197 3895 291 3956 relata
304 3895 409 3955 scribit
422 3896 562 3974 Scaliger.
586 3896 723 3976 Insignis
734 3895 810 3953 llaec
826 3904 870 3952 est
886 3893 1111 3969 hallucinatio,
1132 3892 1181 3950 rel
1187 3894 1297 3970 potius

199 3976 362 4056 deliratio,
383 3979 468 4060 quod
481 3980 623 4040 Jerobaal
635 4003 738 4060 nempe
749 3979 859 4038 dixerit
877 3980 1027 4058 Georgius
1034 3980 1170 4054 fratrem
1182 3973 1296 4035 (ledeo-

199 4067 256 4128 πίε.
298 4067 435 4126 Serarius
461 4085 581 4144 quoque
601 4065 816 4144 Scaligerianae
843 4064 1005 4123 sententiae
1027 4062 1124 4120 facilia
1148 4061 1293 4139 approba.

197 4158 264 4227 tor,
284 4147 318 4208 in
333 4148 400 4208 lua.
421 4169 487 4229 cap.
506 4155 536 4215 6.
559 4159 673 4228 quaest.
698 4154 727 4216 1.
752 4147 943 4228 pronunciat.
985 4146 1092 4206 Moneo
1113 4145 1146 4202 in
1168 4143 1295 4220 Georgia

197 4233 338 4313 Syncello
355 4236 554 4293 errantisaime
569 4234 669 4296 asseri.
707 4238 735 4298 1.
760 4233 892 4292 lerobaal
911 4250 975 4290 esse
994 4232 1116 4290 fratrem
1136 4227 1293 4302 Gedeonis,

198 4338 268 4378 cum
288 4319 329 4378 sit
346 4317 473 4397 ipsemet
496 4318 627 4378 Gedeon.
671 4324 702 4384 2.
724 4316 760 4376 ld
781 4317 928 4397 scripturn
949 4324 1051 4376 extare
1071 4314 1104 4373 ia
1123 4312 1184 4382 ‚hoc
1204 4311 1292 4373 libro.

196 4405 227 4468 3.
249 4404 348 4465 Etiam
368 4401 442 4478 ltoc;
476 4403 533 4474 sub
556 4402 704 4464 Gedeoais
725 4410 859 4463 extrema
879 4400 1028 4462 habitasse
1053 4417 1123 4458 cum
1152 4417 1188 4458 eo
1210 4395 1296 4456 hunc

267 4502 366 4574 (ἴσως.
383 4501 523 4572 δ’ςππῑίω.
542 4501 579 4556 tt.
1046 4488 1089 4550 29
