<?xml version="1.0" encoding="UTF-8"?>
<!DOCTYPE html PUBLIC "-//W3C//DTD XHTML 1.0 Transitional//EN"
    "http://www.w3.org/TR/xhtml1/DTD/xhtml1-transitional.dtd">
<html xmlns="http://www.w3.org/1999/xhtml" xml:lang="en" lang="en">
 <head>
  <title>
</title>
<meta http-equiv="Content-Type" content="text/html;charset=utf-8" />
  <meta name='ocr-system' content='tesseract 3.04.00' />
  <meta name='ocr-capabilities' content='ocr_page ocr_carea ocr_par ocr_line ocrx_word'/>
</head>
<body>
  <div class='ocr_page' id='page_1' title='image "./corpusscriptoru33theogoog_0499.png"; bbox 0 0 3109 4959; ppageno 0'>
   <div class='ocr_carea' id='block_1_1' title="bbox 547 472 1305 550">
    <p class='ocr_par' dir='ltr' id='par_1_1' title="bbox 547 472 1305 550">
     <span class='ocr_line' id='line_1_1' title="bbox 547 472 1305 550; baseline 0.005 -5"><span class='ocrx_word' id='word_1_1' title='bbox 547 479 608 547; x_wconf 82' lang='lat' dir='ltr'><strong>ET</strong></span> <span class='ocrx_word' id='word_1_2' title='bbox 627 478 999 550; x_wconf 73' lang='lat' dir='ltr'><strong>ANNOTATIOhES..</strong></span> <span class='ocrx_word' id='word_1_3' title='bbox 1229 472 1305 549; x_wconf 71' lang='grc'><strong>485</strong></span> 
     </span>
    </p>
   </div>
   <div class='ocr_carea' id='block_1_2' title="bbox 211 631 1365 4519">
    <p class='ocr_par' dir='ltr' id='par_1_2' title="bbox 218 631 1304 796">
     <span class='ocr_line' id='line_1_2' title="bbox 220 631 1304 702; baseline 0.006 -8"><span class='ocrx_word' id='word_1_4' title='bbox 220 633 289 694; x_wconf 83' lang='lat' dir='ltr'><strong>‹titu</strong></span> <span class='ocrx_word' id='word_1_5' title='bbox 302 632 397 702; x_wconf 75' lang='lat'><strong>4726.</strong></span> <span class='ocrx_word' id='word_1_6' title='bbox 408 633 611 695; x_wconf 84' lang='lat' dir='ltr'><strong>institutarum</strong></span> <span class='ocrx_word' id='word_1_7' title='bbox 625 631 833 695; x_wconf 85' lang='lat' dir='ltr'><strong>decimanona</strong></span> <span class='ocrx_word' id='word_1_8' title='bbox 847 637 968 698; x_wconf 87' lang='lat' dir='ltr'><strong>tertium</strong></span> <span class='ocrx_word' id='word_1_9' title='bbox 984 638 1140 699; x_wconf 87' lang='lat' dir='ltr'><strong>obeuntem</strong></span> <span class='ocrx_word' id='word_1_10' title='bbox 1154 647 1185 700; x_wconf 90' lang='lat' dir='ltr'><strong>et</strong></span> <span class='ocrx_word' id='word_1_11' title='bbox 1195 639 1304 700; x_wconf 87' lang='lat' dir='ltr'><strong>ineun-</strong></span> 
     </span>
     <span class='ocr_line' id='line_1_3' title="bbox 218 719 1194 796; baseline 0.008 -19"><span class='ocrx_word' id='word_1_12' title='bbox 218 729 277 778; x_wconf 87' lang='lat' dir='ltr'><strong>tem</strong></span> <span class='ocrx_word' id='word_1_13' title='bbox 296 729 436 796; x_wconf 87' lang='lat' dir='ltr'><strong>quartum</strong></span> <span class='ocrx_word' id='word_1_14' title='bbox 449 719 481 777; x_wconf 91' lang='lat' dir='ltr'><strong>in</strong></span> <span class='ocrx_word' id='word_1_15' title='bbox 496 739 608 778; x_wconf 88' lang='lat' dir='ltr'><strong>annum</strong></span> <span class='ocrx_word' id='word_1_16' title='bbox 621 719 725 780; x_wconf 73' lang='lat' dir='ltr'><strong>meridi</strong></span> <span class='ocrx_word' id='word_1_17' title='bbox 738 719 831 788; x_wconf 85' lang='grc'><strong>4801.</strong></span> <span class='ocrx_word' id='word_1_18' title='bbox 845 721 1045 784; x_wconf 83' lang='lat' dir='ltr'><strong>incurrentem</strong></span> <span class='ocrx_word' id='word_1_19' title='bbox 1060 725 1194 786; x_wconf 88' lang='lat' dir='ltr'><strong>sortitur.</strong></span> 
     </span>
    </p>

    <p class='ocr_par' dir='ltr' id='par_1_3' title="bbox 216 796 1306 1051">
     <span class='ocr_line' id='line_1_4' title="bbox 298 796 1304 890; baseline 0.005 -25"><span class='ocrx_word' id='word_1_20' title='bbox 298 796 487 882; x_wconf 48' lang='grc' dir='ltr'><strong>’.1φόὗέτί</strong></span> <span class='ocrx_word' id='word_1_21' title='bbox 505 797 776 884; x_wconf 69' lang='grc' dir='ltr'><strong>ου’.’01υμταιάδα.]</strong></span> <span class='ocrx_word' id='word_1_22' title='bbox 798 805 1062 887; x_wconf 84' lang='lat' dir='ltr'><strong>Quinqungesimae</strong></span> <span class='ocrx_word' id='word_1_23' title='bbox 1076 829 1168 890; x_wconf 87' lang='lat' dir='ltr'><strong>supra</strong></span> <span class='ocrx_word' id='word_1_24' title='bbox 1188 809 1304 870; x_wconf 83' lang='lat' dir='ltr'><strong>dueen-</strong></span> 
     </span>
     <span class='ocr_line' id='line_1_5' title="bbox 217 887 1306 969; baseline 0.008 -24"><span class='ocrx_word' id='word_1_25' title='bbox 217 887 352 947; x_wconf 84' lang='lat' dir='ltr'><strong>tesimsm</strong></span> <span class='ocrx_word' id='word_1_26' title='bbox 372 887 559 969; x_wconf 74' lang='lat' dir='ltr'><strong>Olympiadis</strong></span> <span class='ocrx_word' id='word_1_27' title='bbox 581 897 705 966; x_wconf 89' lang='lat' dir='ltr'><strong>quartus</strong></span> <span class='ocrx_word' id='word_1_28' title='bbox 720 909 817 949; x_wconf 87' lang='lat' dir='ltr'><strong>annua</strong></span> <span class='ocrx_word' id='word_1_29' title='bbox 829 890 862 949; x_wconf 90' lang='lat' dir='ltr'><strong>in</strong></span> <span class='ocrx_word' id='word_1_30' title='bbox 879 911 991 953; x_wconf 89' lang='lat' dir='ltr'><strong>annum</strong></span> <span class='ocrx_word' id='word_1_31' title='bbox 1003 894 1109 954; x_wconf 89' lang='lat' dir='ltr'><strong>mundi</strong></span> <span class='ocrx_word' id='word_1_32' title='bbox 1122 897 1215 962; x_wconf 83' lang='grc'><strong>5705.</strong></span> <span class='ocrx_word' id='word_1_33' title='bbox 1228 893 1306 954; x_wconf 76' lang='lat' dir='ltr'><strong>inci·</strong></span> 
     </span>
     <span class='ocr_line' id='line_1_6' title="bbox 216 971 905 1051; baseline 0.004 -20"><span class='ocrx_word' id='word_1_34' title='bbox 216 971 283 1048; x_wconf 87' lang='lat' dir='ltr'><strong>dit,</strong></span> <span class='ocrx_word' id='word_1_35' title='bbox 310 971 425 1051; x_wconf 87' lang='lat' dir='ltr'><strong>primus</strong></span> <span class='ocrx_word' id='word_1_36' title='bbox 439 971 578 1038; x_wconf 76' lang='lat' dir='ltr'><strong>in&#39;5722.</strong></span> <span class='ocrx_word' id='word_1_37' title='bbox 591 971 622 1032; x_wconf 89' lang='lat' dir='ltr'><strong>in</strong></span> <span class='ocrx_word' id='word_1_38' title='bbox 633 976 727 1040; x_wconf 72' lang='lat'><strong>5723.</strong></span> <span class='ocrx_word' id='word_1_39' title='bbox 745 975 905 1036; x_wconf 89' lang='lat' dir='ltr'><strong>secundus.</strong></span> 
     </span>
    </p>

    <p class='ocr_par' dir='ltr' id='par_1_4' title="bbox 215 1049 1307 1476">
     <span class='ocr_line' id='line_1_7' title="bbox 293 1049 1305 1140; baseline 0.004 -24"><span class='ocrx_word' id='word_1_40' title='bbox 293 1051 451 1134; x_wconf 77' lang='grc' dir='ltr'><strong><em>Ἀρχοντες</em></strong></span> <span class='ocrx_word' id='word_1_41' title='bbox 471 1049 573 1140; x_wconf 69' lang='grc' dir='ltr'><strong>74κγ’.]</strong></span> <span class='ocrx_word' id='word_1_42' title='bbox 594 1058 620 1115; x_wconf 88' lang='lat' dir='ltr'><strong>A</strong></span> <span class='ocrx_word' id='word_1_43' title='bbox 639 1055 746 1116; x_wconf 87' lang='lat' dir='ltr'><strong>mundi</strong></span> <span class='ocrx_word' id='word_1_44' title='bbox 763 1058 858 1126; x_wconf 87' lang='grc'><strong>4800.</strong></span> <span class='ocrx_word' id='word_1_45' title='bbox 878 1059 1005 1121; x_wconf 86' lang='lat' dir='ltr'><strong>obeunte</strong></span> <span class='ocrx_word' id='word_1_46' title='bbox 1018 1071 1047 1121; x_wconf 91' lang='lat' dir='ltr'><strong>et</strong></span> <span class='ocrx_word' id='word_1_47' title='bbox 1059 1063 1153 1129; x_wconf 78' lang='grc'><strong>1801.</strong></span> <span class='ocrx_word' id='word_1_48' title='bbox 1174 1059 1305 1135; x_wconf 86' lang='lat' dir='ltr'><strong>ineunte,</strong></span> 
     </span>
     <span class='ocr_line' id='line_1_8' title="bbox 216 1137 1305 1223; baseline 0.004 -24"><span class='ocrx_word' id='word_1_49' title='bbox 216 1159 277 1219; x_wconf 89' lang='lat' dir='ltr'><strong>quo</strong></span> <span class='ocrx_word' id='word_1_50' title='bbox 299 1137 522 1200; x_wconf 65' lang='lat' dir='ltr'><strong>Atheniensium</strong></span> <span class='ocrx_word' id='word_1_51' title='bbox 543 1140 635 1200; x_wconf 86' lang='lat' dir='ltr'><strong>annui</strong></span> <span class='ocrx_word' id='word_1_52' title='bbox 655 1140 843 1218; x_wconf 69' lang='lat' dir='ltr'><strong>magistratus</strong></span> <span class='ocrx_word' id='word_1_53' title='bbox 858 1143 1005 1223; x_wconf 88' lang='lat' dir='ltr'><strong>instituti,</strong></span> <span class='ocrx_word' id='word_1_54' title='bbox 1026 1147 1064 1204; x_wconf 89' lang='lat' dir='ltr'><strong>ad</strong></span> <span class='ocrx_word' id='word_1_55' title='bbox 1076 1148 1170 1213; x_wconf 80' lang='grc'><strong>5703.</strong></span> <span class='ocrx_word' id='word_1_56' title='bbox 1182 1165 1305 1221; x_wconf 89' lang='lat' dir='ltr'><strong>annum,</strong></span> 
     </span>
     <span class='ocr_line' id='line_1_9' title="bbox 217 1223 1305 1308; baseline 0.006 -26"><span class='ocrx_word' id='word_1_57' title='bbox 217 1223 270 1282; x_wconf 90' lang='lat' dir='ltr'><strong>alii</strong></span> <span class='ocrx_word' id='word_1_58' title='bbox 287 1226 362 1290; x_wconf 81' lang='grc'><strong>903.</strong></span> <span class='ocrx_word' id='word_1_59' title='bbox 385 1226 456 1283; x_wconf 78' lang='lat' dir='ltr'><strong>arani</strong></span> <span class='ocrx_word' id='word_1_60' title='bbox 471 1234 502 1284; x_wconf 91' lang='lat' dir='ltr'><strong>et</strong></span> <span class='ocrx_word' id='word_1_61' title='bbox 520 1225 705 1302; x_wconf 70' lang='lat' dir='ltr'><strong>magistratus</strong></span> <span class='ocrx_word' id='word_1_62' title='bbox 725 1226 849 1286; x_wconf 86' lang='lat' dir='ltr'><strong>totidem</strong></span> <span class='ocrx_word' id='word_1_63' title='bbox 870 1239 1081 1308; x_wconf 81' lang='lat' dir='ltr'><strong>numerantur,</strong></span> <span class='ocrx_word' id='word_1_64' title='bbox 1101 1251 1162 1289; x_wconf 88' lang='lat' dir='ltr'><strong>non</strong></span> <span class='ocrx_word' id='word_1_65' title='bbox 1182 1229 1305 1288; x_wconf 86' lang='lat' dir='ltr'><strong>excluso</strong></span> 
     </span>
     <span class='ocr_line' id='line_1_10' title="bbox 215 1307 1307 1395; baseline 0.005 -29"><span class='ocrx_word' id='word_1_66' title='bbox 215 1307 359 1366; x_wconf 89' lang='lat' dir='ltr'><strong>nimirum</strong></span> <span class='ocrx_word' id='word_1_67' title='bbox 380 1309 463 1369; x_wconf 88' lang='lat' dir='ltr'><strong>illius</strong></span> <span class='ocrx_word' id='word_1_68' title='bbox 479 1308 568 1388; x_wconf 88' lang='lat' dir='ltr'><strong>primi</strong></span> <span class='ocrx_word' id='word_1_69' title='bbox 584 1329 673 1390; x_wconf 89' lang='lat' dir='ltr'><strong>supra</strong></span> <span class='ocrx_word' id='word_1_70' title='bbox 688 1311 780 1378; x_wconf 89' lang='grc'><strong>4800.</strong></span> <span class='ocrx_word' id='word_1_71' title='bbox 794 1332 881 1371; x_wconf 90' lang='lat' dir='ltr'><strong>anno.</strong></span> <span class='ocrx_word' id='word_1_72' title='bbox 909 1315 1051 1395; x_wconf 80' lang='lat' dir='ltr'><strong>Reposito</strong></span> <span class='ocrx_word' id='word_1_73' title='bbox 1070 1315 1162 1394; x_wconf 86' lang='lat' dir='ltr'><strong>igitur</strong></span> <span class='ocrx_word' id='word_1_74' title='bbox 1173 1313 1206 1373; x_wconf 86' lang='lat' dir='ltr'><strong>in</strong></span> <span class='ocrx_word' id='word_1_75' title='bbox 1219 1322 1307 1374; x_wconf 85' lang='lat' dir='ltr'><strong>textu</strong></span> 
     </span>
     <span class='ocr_line' id='line_1_11' title="bbox 217 1385 744 1476; baseline 0.004 -22"><span class='ocrx_word' id='word_1_76' title='bbox 217 1385 304 1475; x_wconf 68' lang='lat' dir='ltr'><strong>Vqsy&#39;.</strong></span> <span class='ocrx_word' id='word_1_77' title='bbox 321 1411 463 1453; x_wconf 86' lang='lat' dir='ltr'><strong>numerus</strong></span> <span class='ocrx_word' id='word_1_78' title='bbox 473 1388 547 1476; x_wconf 62' lang='lat' dir='ltr'><strong>mgy&#39;.</strong></span> <span class='ocrx_word' id='word_1_79' title='bbox 560 1393 744 1456; x_wconf 85' lang='lat' dir='ltr'><strong>emendatur.</strong></span> 
     </span>
    </p>

    <p class='ocr_par' dir='ltr' id='par_1_5' title="bbox 215 1470 1365 2045">
     <span class='ocr_line' id='line_1_12' title="bbox 302 1470 1365 1557; baseline 0.007 -21"><span class='ocrx_word' id='word_1_80' title='bbox 302 1470 390 1538; x_wconf 79' lang='grc' dir='ltr'><strong><em>Καθ’</em></strong></span> <span class='ocrx_word' id='word_1_81' title='bbox 409 1473 447 1540; x_wconf 69' lang='grc' dir='ltr'><strong>ὃν</strong></span> <span class='ocrx_word' id='word_1_82' title='bbox 472 1472 653 1557; x_wconf 65' lang='lat' dir='ltr'><strong>desinerem]</strong></span> <span class='ocrx_word' id='word_1_83' title='bbox 684 1479 791 1539; x_wconf 86' lang='lat' dir='ltr'><strong>Mundi</strong></span> <span class='ocrx_word' id='word_1_84' title='bbox 811 1478 904 1546; x_wconf 87' lang='grc'><strong>4800.</strong></span> <span class='ocrx_word' id='word_1_85' title='bbox 931 1480 1042 1541; x_wconf 88' lang='lat' dir='ltr'><strong>additis</strong></span> <span class='ocrx_word' id='word_1_86' title='bbox 1067 1484 1141 1548; x_wconf 84' lang='grc'><strong>903.</strong></span> <span class='ocrx_word' id='word_1_87' title='bbox 1163 1501 1307 1543; x_wconf 84' lang='lat' dir='ltr'><strong>annorum</strong></span> <span class='ocrx_word' id='word_1_88' title='bbox 1362 1520 1365 1527; x_wconf 91' lang='lat'>·</span> 
     </span>
     <span class='ocr_line' id='line_1_13' title="bbox 216 1559 1309 1646; baseline 0.006 -29"><span class='ocrx_word' id='word_1_89' title='bbox 216 1559 310 1627; x_wconf 81' lang='grc'><strong>5703.</strong></span> <span class='ocrx_word' id='word_1_90' title='bbox 324 1580 437 1620; x_wconf 86' lang='lat' dir='ltr'><strong>summa</strong></span> <span class='ocrx_word' id='word_1_91' title='bbox 454 1561 623 1622; x_wconf 88' lang='lat' dir='ltr'><strong>conficitur.</strong></span> <span class='ocrx_word' id='word_1_92' title='bbox 664 1563 701 1622; x_wconf 91' lang='lat' dir='ltr'><strong>In</strong></span> <span class='ocrx_word' id='word_1_93' title='bbox 713 1563 776 1622; x_wconf 91' lang='lat' dir='ltr'><strong>eius</strong></span> <span class='ocrx_word' id='word_1_94' title='bbox 790 1564 935 1640; x_wconf 88' lang='lat' dir='ltr'><strong>termino,</strong></span> <span class='ocrx_word' id='word_1_95' title='bbox 957 1565 1010 1646; x_wconf 90' lang='lat' dir='ltr'><strong>qui</strong></span> <span class='ocrx_word' id='word_1_96' title='bbox 1026 1565 1086 1625; x_wconf 87' lang='lat' dir='ltr'><strong>suit</strong></span> <span class='ocrx_word' id='word_1_97' title='bbox 1099 1586 1116 1624; x_wconf 91' lang='lat' dir='ltr'><strong>a</strong></span> <span class='ocrx_word' id='word_1_98' title='bbox 1129 1565 1239 1626; x_wconf 81' lang='lat' dir='ltr'><strong>Christi</strong></span> <span class='ocrx_word' id='word_1_99' title='bbox 1249 1586 1309 1625; x_wconf 92' lang='lat' dir='ltr'><strong>na·</strong></span> 
     </span>
     <span class='ocr_line' id='line_1_14' title="bbox 216 1643 1308 1728; baseline 0.007 -26"><span class='ocrx_word' id='word_1_100' title='bbox 216 1643 319 1702; x_wconf 86' lang='lat' dir='ltr'><strong>talitiis</strong></span> <span class='ocrx_word' id='word_1_101' title='bbox 334 1647 404 1711; x_wconf 78' lang='lat'><strong>228.</strong></span> <span class='ocrx_word' id='word_1_102' title='bbox 429 1646 574 1706; x_wconf 81' lang='lat' dir='ltr'><strong>Antonini</strong></span> <span class='ocrx_word' id='word_1_103' title='bbox 584 1647 765 1725; x_wconf 78' lang='lat' dir='ltr'><strong>Heliogabali</strong></span> <span class='ocrx_word' id='word_1_104' title='bbox 777 1647 891 1724; x_wconf 82' lang='lat' dir='ltr'><strong>tertius,</strong></span> <span class='ocrx_word' id='word_1_105' title='bbox 913 1650 1098 1728; x_wconf 84' lang='lat' dir='ltr'><strong>Olympiadis</strong></span> <span class='ocrx_word' id='word_1_106' title='bbox 1113 1651 1185 1718; x_wconf 86' lang='grc'><strong>050.</strong></span> <span class='ocrx_word' id='word_1_107' title='bbox 1198 1669 1308 1710; x_wconf 87' lang='lat' dir='ltr'><strong>secun·</strong></span> 
     </span>
     <span class='ocr_line' id='line_1_15' title="bbox 216 1726 1307 1802; baseline 0.008 -17"><span class='ocrx_word' id='word_1_108' title='bbox 216 1726 290 1801; x_wconf 89' lang='lat' dir='ltr'><strong>dua,</strong></span> <span class='ocrx_word' id='word_1_109' title='bbox 309 1728 435 1788; x_wconf 89' lang='lat' dir='ltr'><strong>Phileno</strong></span> <span class='ocrx_word' id='word_1_110' title='bbox 449 1729 674 1792; x_wconf 78' lang='lat' dir='ltr'><strong>Atheniensium</strong></span> <span class='ocrx_word' id='word_1_111' title='bbox 691 1729 858 1802; x_wconf 85' lang='lat' dir='ltr'><strong>Archonte‚</strong></span> <span class='ocrx_word' id='word_1_112' title='bbox 878 1734 994 1793; x_wconf 88' lang='lat' dir='ltr'><strong>Annius</strong></span> <span class='ocrx_word' id='word_1_113' title='bbox 1009 1735 1118 1793; x_wconf 88' lang='lat' dir='ltr'><strong>Gratus</strong></span> <span class='ocrx_word' id='word_1_114' title='bbox 1130 1735 1307 1794; x_wconf 85' lang='lat' dir='ltr'><strong>Severianus</strong></span> 
     </span>
     <span class='ocr_line' id='line_1_16' title="bbox 216 1811 1307 1891; baseline 0.007 -23"><span class='ocrx_word' id='word_1_115' title='bbox 216 1819 247 1869; x_wconf 90' lang='lat' dir='ltr'><strong>et</strong></span> <span class='ocrx_word' id='word_1_116' title='bbox 269 1811 411 1872; x_wconf 88' lang='lat' dir='ltr'><strong>Claudius</strong></span> <span class='ocrx_word' id='word_1_117' title='bbox 429 1815 568 1874; x_wconf 85' lang='lat' dir='ltr'><strong>Seleucus</strong></span> <span class='ocrx_word' id='word_1_118' title='bbox 593 1815 789 1876; x_wconf 82' lang='lat' dir='ltr'><strong>Consulatum</strong></span> <span class='ocrx_word' id='word_1_119' title='bbox 811 1835 933 1891; x_wconf 85' lang='lat' dir='ltr'><strong>gessere.</strong></span> <span class='ocrx_word' id='word_1_120' title='bbox 973 1817 1108 1878; x_wconf 80' lang='lat' dir='ltr'><strong>Africani</strong></span> <span class='ocrx_word' id='word_1_121' title='bbox 1129 1818 1307 1878; x_wconf 87' lang='lat' dir='ltr'><strong>sententiam</strong></span> 
     </span>
     <span class='ocr_line' id='line_1_17' title="bbox 215 1894 1308 1982; baseline 0.009 -29"><span class='ocrx_word' id='word_1_122' title='bbox 215 1894 362 1955; x_wconf 78' lang='lat' dir='ltr'><strong>Batonius</strong></span> <span class='ocrx_word' id='word_1_123' title='bbox 377 1906 407 1955; x_wconf 92' lang='lat' dir='ltr'><strong>et</strong></span> <span class='ocrx_word' id='word_1_124' title='bbox 421 1897 487 1958; x_wconf 89' lang='lat' dir='ltr'><strong>aliis</strong></span> <span class='ocrx_word' id='word_1_125' title='bbox 501 1908 676 1978; x_wconf 87' lang='lat' dir='ltr'><strong>sequuntur.</strong></span> <span class='ocrx_word' id='word_1_126' title='bbox 719 1899 795 1960; x_wconf 86' lang='lat' dir='ltr'><strong>Vide</strong></span> <span class='ocrx_word' id='word_1_127' title='bbox 806 1900 984 1979; x_wconf 83' lang='lat' dir='ltr'><strong>Eusebium,</strong></span> <span class='ocrx_word' id='word_1_128' title='bbox 1004 1911 1035 1962; x_wconf 89' lang='lat' dir='ltr'><strong>et</strong></span> <span class='ocrx_word' id='word_1_129' title='bbox 1055 1901 1189 1982; x_wconf 81' lang='lat' dir='ltr'><strong>expcnde</strong></span> <span class='ocrx_word' id='word_1_130' title='bbox 1208 1900 1308 1962; x_wconf 84' lang='lat' dir='ltr'><strong>Chro-</strong></span> 
     </span>
     <span class='ocr_line' id='line_1_18' title="bbox 216 1979 694 2045; baseline 0.013 -6"><span class='ocrx_word' id='word_1_131' title='bbox 216 1979 309 2040; x_wconf 88' lang='lat' dir='ltr'><strong>nicon</strong></span> <span class='ocrx_word' id='word_1_132' title='bbox 324 1981 470 2043; x_wconf 78' lang='lat' dir='ltr'><strong>Alexand.</strong></span> <span class='ocrx_word' id='word_1_133' title='bbox 485 1983 694 2045; x_wconf 83' lang='lat' dir='ltr'><strong>adversarium.</strong></span> 
     </span>
    </p>

    <p class='ocr_par' dir='ltr' id='par_1_6' title="bbox 211 2057 1319 2968">
     <span class='ocr_line' id='line_1_19' title="bbox 300 2057 1309 2150; baseline 0.006 -24"><span class='ocrx_word' id='word_1_134' title='bbox 300 2057 367 2127; x_wconf 64' lang='lat' dir='ltr'><strong>bist</strong></span> <span class='ocrx_word' id='word_1_135' title='bbox 380 2071 437 2128; x_wconf 77' lang='lat' dir='ltr'><strong>roei</strong></span> <span class='ocrx_word' id='word_1_136' title='bbox 451 2063 553 2150; x_wconf 57' lang='grc' dir='ltr'><strong><em>,εψκγῖ</em></strong></span> <span class='ocrx_word' id='word_1_137' title='bbox 567 2065 672 2148; x_wconf 74' lang='grc' dir='ltr'><strong><em>ἔτους]</em></strong></span> <span class='ocrx_word' id='word_1_138' title='bbox 695 2067 771 2127; x_wconf 86' lang='lat' dir='ltr'><strong>Eum</strong></span> <span class='ocrx_word' id='word_1_139' title='bbox 786 2088 899 2128; x_wconf 87' lang='lat' dir='ltr'><strong>annum</strong></span> <span class='ocrx_word' id='word_1_140' title='bbox 915 2068 1069 2149; x_wconf 88' lang='lat' dir='ltr'><strong>speciatim</strong></span> <span class='ocrx_word' id='word_1_141' title='bbox 1081 2067 1228 2144; x_wconf 87' lang='lat' dir='ltr'><strong>observat,</strong></span> <span class='ocrx_word' id='word_1_142' title='bbox 1250 2090 1309 2150; x_wconf 86' lang='lat' dir='ltr'><strong>quo</strong></span> 
     </span>
     <span class='ocr_line' id='line_1_20' title="bbox 215 2145 1308 2232; baseline 0.006 -26"><span class='ocrx_word' id='word_1_143' title='bbox 215 2145 338 2208; x_wconf 81' lang='lat' dir='ltr'><strong>floreret</strong></span> <span class='ocrx_word' id='word_1_144' title='bbox 358 2150 533 2224; x_wconf 81' lang='lat' dir='ltr'><strong>Africanus,</strong></span> <span class='ocrx_word' id='word_1_145' title='bbox 563 2170 709 2228; x_wconf 86' lang='lat' dir='ltr'><strong>quemque</strong></span> <span class='ocrx_word' id='word_1_146' title='bbox 735 2171 772 2208; x_wconf 83' lang='lat' dir='ltr'><strong>ex</strong></span> <span class='ocrx_word' id='word_1_147' title='bbox 796 2161 890 2211; x_wconf 88' lang='lat' dir='ltr'><strong>aetate</strong></span> <span class='ocrx_word' id='word_1_148' title='bbox 913 2161 1035 2227; x_wconf 89' lang='lat' dir='ltr'><strong>notum,</strong></span> <span class='ocrx_word' id='word_1_149' title='bbox 1064 2159 1154 2210; x_wconf 83' lang='lat' dir='ltr'><strong>et&#39;ex</strong></span> <span class='ocrx_word' id='word_1_150' title='bbox 1171 2156 1308 2232; x_wconf 90' lang='lat' dir='ltr'><strong>personis</strong></span> 
     </span>
     <span class='ocr_line' id='line_1_21' title="bbox 216 2229 1309 2312; baseline 0.006 -22"><span class='ocrx_word' id='word_1_151' title='bbox 216 2240 331 2290; x_wconf 89' lang='lat' dir='ltr'><strong>certum</strong></span> <span class='ocrx_word' id='word_1_152' title='bbox 344 2229 409 2310; x_wconf 90' lang='lat' dir='ltr'><strong>ipse</strong></span> <span class='ocrx_word' id='word_1_153' title='bbox 422 2241 600 2296; x_wconf 78' lang='lat' dir='ltr'><strong>testaretur:</strong></span> <span class='ocrx_word' id='word_1_154' title='bbox 613 2233 745 2292; x_wconf 81' lang='lat' dir='ltr'><strong>Africani</strong></span> <span class='ocrx_word' id='word_1_155' title='bbox 760 2243 860 2292; x_wconf 87' lang='lat' dir='ltr'><strong>tamen</strong></span> <span class='ocrx_word' id='word_1_156' title='bbox 871 2234 1046 2312; x_wconf 83' lang='lat' dir='ltr'><strong>legationem</strong></span> <span class='ocrx_word' id='word_1_157' title='bbox 1059 2233 1138 2303; x_wconf 83' lang='lat' dir='ltr'><strong>hanc</strong></span> <span class='ocrx_word' id='word_1_158' title='bbox 1150 2236 1183 2294; x_wconf 93' lang='lat' dir='ltr'><strong>in</strong></span> <span class='ocrx_word' id='word_1_159' title='bbox 1197 2257 1309 2297; x_wconf 87' lang='lat' dir='ltr'><strong>annum</strong></span> 
     </span>
     <span class='ocr_line' id='line_1_22' title="bbox 215 2315 1309 2398; baseline 0.007 -24"><span class='ocrx_word' id='word_1_160' title='bbox 215 2324 402 2394; x_wconf 87' lang='lat' dir='ltr'><strong>sequentem,</strong></span> <span class='ocrx_word' id='word_1_161' title='bbox 424 2315 457 2376; x_wconf 92' lang='lat' dir='ltr'><strong>id</strong></span> <span class='ocrx_word' id='word_1_162' title='bbox 470 2325 515 2376; x_wconf 88' lang='lat' dir='ltr'><strong>est</strong></span> <span class='ocrx_word' id='word_1_163' title='bbox 529 2317 679 2395; x_wconf 87' lang='lat' dir='ltr'><strong>Elagabali</strong></span> <span class='ocrx_word' id='word_1_164' title='bbox 693 2328 833 2396; x_wconf 89' lang='lat' dir='ltr'><strong>quartum</strong></span> <span class='ocrx_word' id='word_1_165' title='bbox 847 2317 951 2376; x_wconf 88' lang='lat' dir='ltr'><strong>reiecit</strong></span> <span class='ocrx_word' id='word_1_166' title='bbox 964 2318 1126 2393; x_wconf 84' lang='lat' dir='ltr'><strong>Eusebius,</strong></span> <span class='ocrx_word' id='word_1_167' title='bbox 1147 2321 1228 2398; x_wconf 92' lang='lat' dir='ltr'><strong>quod</strong></span> <span class='ocrx_word' id='word_1_168' title='bbox 1241 2341 1309 2381; x_wconf 87' lang='lat' dir='ltr'><strong>eum</strong></span> 
     </span>
     <span class='ocr_line' id='line_1_23' title="bbox 216 2399 1309 2485; baseline 0.005 -27"><span class='ocrx_word' id='word_1_169' title='bbox 216 2399 319 2459; x_wconf 81' lang='lat' dir='ltr'><strong>forsan</strong></span> <span class='ocrx_word' id='word_1_170' title='bbox 336 2400 372 2458; x_wconf 88' lang='lat' dir='ltr'><strong>ab</strong></span> <span class='ocrx_word' id='word_1_171' title='bbox 394 2402 545 2460; x_wconf 90' lang='lat' dir='ltr'><strong>Autumno</strong></span> <span class='ocrx_word' id='word_1_172' title='bbox 565 2411 742 2480; x_wconf 87' lang='lat' dir='ltr'><strong>praeeunte,</strong></span> <span class='ocrx_word' id='word_1_173' title='bbox 764 2401 817 2481; x_wconf 89' lang='lat' dir='ltr'><strong>qui</strong></span> <span class='ocrx_word' id='word_1_174' title='bbox 841 2401 923 2461; x_wconf 87' lang='lat' dir='ltr'><strong>tertii</strong></span> <span class='ocrx_word' id='word_1_175' title='bbox 938 2401 975 2460; x_wconf 90' lang='lat' dir='ltr'><strong>ab</strong></span> <span class='ocrx_word' id='word_1_176' title='bbox 989 2402 1054 2462; x_wconf 89' lang='lat' dir='ltr'><strong>aliis</strong></span> <span class='ocrx_word' id='word_1_177' title='bbox 1069 2405 1218 2465; x_wconf 88' lang='lat' dir='ltr'><strong>numerati</strong></span> <span class='ocrx_word' id='word_1_178' title='bbox 1238 2425 1309 2485; x_wconf 89' lang='lat' dir='ltr'><strong>pars</strong></span> 
     </span>
     <span class='ocr_line' id='line_1_24' title="bbox 215 2484 1310 2570; baseline 0.005 -27"><span class='ocrx_word' id='word_1_179' title='bbox 215 2491 350 2543; x_wconf 82' lang='lat' dir='ltr'><strong>extrema</strong></span> <span class='ocrx_word' id='word_1_180' title='bbox 366 2492 427 2560; x_wconf 86' lang='lat' dir='ltr'><strong>est,</strong></span> <span class='ocrx_word' id='word_1_181' title='bbox 450 2485 582 2545; x_wconf 83' lang='lat' dir='ltr'><strong>ordiatur</strong></span> <span class='ocrx_word' id='word_1_182' title='bbox 598 2484 741 2546; x_wconf 88' lang='lat' dir='ltr'><strong>scribens.</strong></span> <span class='ocrx_word' id='word_1_183' title='bbox 785 2487 823 2546; x_wconf 89' lang='lat' dir='ltr'><strong>In</strong></span> <span class='ocrx_word' id='word_1_184' title='bbox 835 2487 1017 2546; x_wconf 83' lang='lat' dir='ltr'><strong>Palaestina</strong></span> <span class='ocrx_word' id='word_1_185' title='bbox 1031 2487 1206 2566; x_wconf 86' lang='lat' dir='ltr'><strong>Nicopolis,</strong></span> <span class='ocrx_word' id='word_1_186' title='bbox 1230 2511 1310 2570; x_wconf 84' lang='lat' dir='ltr'><strong>quae</strong></span> 
     </span>
     <span class='ocr_line' id='line_1_25' title="bbox 211 2569 1310 2650; baseline 0.006 -25"><span class='ocrx_word' id='word_1_187' title='bbox 211 2570 306 2647; x_wconf 85' lang='lat' dir='ltr'><strong>prius</strong></span> <span class='ocrx_word' id='word_1_188' title='bbox 324 2569 476 2628; x_wconf 74' lang='lat' dir='ltr'><strong>Emmaus</strong></span> <span class='ocrx_word' id='word_1_189' title='bbox 491 2569 675 2646; x_wconf 75' lang='lat' dir='ltr'><strong>vocabatur,</strong></span> <span class='ocrx_word' id='word_1_190' title='bbox 697 2569 772 2629; x_wconf 82' lang='lat' dir='ltr'><strong>urbe</strong></span> <span class='ocrx_word' id='word_1_191' title='bbox 792 2569 917 2631; x_wconf 81' lang='lat' dir='ltr'><strong>condita</strong></span> <span class='ocrx_word' id='word_1_192' title='bbox 938 2581 1000 2650; x_wconf 82' lang='lat' dir='ltr'><strong>est,</strong></span> <span class='ocrx_word' id='word_1_193' title='bbox 1026 2571 1190 2650; x_wconf 78' lang='lat' dir='ltr'><strong>legationis</strong></span> <span class='ocrx_word' id='word_1_194' title='bbox 1211 2573 1310 2646; x_wconf 77' lang='lat' dir='ltr'><strong>indu·</strong></span> 
     </span>
     <span class='ocr_line' id='line_1_26' title="bbox 216 2656 1306 2736; baseline 0.006 -26"><span class='ocrx_word' id='word_1_195' title='bbox 216 2656 327 2711; x_wconf 80' lang='lat' dir='ltr'><strong>atrium</strong></span> <span class='ocrx_word' id='word_1_196' title='bbox 345 2673 404 2732; x_wconf 88' lang='lat' dir='ltr'><strong>pro</strong></span> <span class='ocrx_word' id='word_1_197' title='bbox 425 2675 462 2712; x_wconf 84' lang='lat' dir='ltr'><strong>eo</strong></span> <span class='ocrx_word' id='word_1_198' title='bbox 483 2657 663 2733; x_wconf 75' lang='lat' dir='ltr'><strong>suscipiente</strong></span> <span class='ocrx_word' id='word_1_199' title='bbox 685 2656 766 2715; x_wconf 86' lang='lat' dir='ltr'><strong>Iulio</strong></span> <span class='ocrx_word' id='word_1_200' title='bbox 790 2657 942 2733; x_wconf 83' lang='lat' dir='ltr'><strong>Africano</strong></span> <span class='ocrx_word' id='word_1_201' title='bbox 963 2657 1108 2734; x_wconf 84' lang='lat' dir='ltr'><strong>scriptore</strong></span> <span class='ocrx_word' id='word_1_202' title='bbox 1132 2667 1306 2736; x_wconf 74' lang='lat' dir='ltr'><strong>temporum.</strong></span> 
     </span>
     <span class='ocr_line' id='line_1_27' title="bbox 217 2733 1308 2822; baseline 0.007 -28"><span class='ocrx_word' id='word_1_203' title='bbox 217 2737 347 2814; x_wconf 85' lang='lat' dir='ltr'><strong>Scaliger</strong></span> <span class='ocrx_word' id='word_1_204' title='bbox 360 2746 414 2797; x_wconf 89' lang='lat' dir='ltr'><strong>aut</strong></span> <span class='ocrx_word' id='word_1_205' title='bbox 426 2738 643 2819; x_wconf 84' lang='lat' dir='ltr'><strong>Typographus</strong></span> <span class='ocrx_word' id='word_1_206' title='bbox 658 2739 798 2798; x_wconf 87' lang='lat' dir='ltr'><strong>mendose</strong></span> <span class='ocrx_word' id='word_1_207' title='bbox 811 2739 942 2800; x_wconf 87' lang='lat' dir='ltr'><strong>reddidit</strong></span> <span class='ocrx_word' id='word_1_208' title='bbox 959 2733 1052 2822; x_wconf 56' lang='lat' dir='ltr'><strong>jesses.</strong></span> <span class='ocrx_word' id='word_1_209' title='bbox 1081 2739 1308 2802; x_wconf 84' lang='lat' dir='ltr'><strong>Observandum</strong></span> 
     </span>
     <span class='ocr_line' id='line_1_28' title="bbox 217 2814 1319 2905; baseline 0.005 -25"><span class='ocrx_word' id='word_1_210' title='bbox 217 2820 365 2881; x_wconf 86' lang='lat' dir='ltr'><strong>obiterds</strong></span> <span class='ocrx_word' id='word_1_211' title='bbox 378 2823 590 2902; x_wconf 79' lang='lat' dir='ltr'><strong>olympiadum</strong></span> <span class='ocrx_word' id='word_1_212' title='bbox 603 2833 634 2883; x_wconf 92' lang='lat' dir='ltr'><strong>et</strong></span> <span class='ocrx_word' id='word_1_213' title='bbox 648 2821 832 2884; x_wconf 84' lang='lat' dir='ltr'><strong>Christianae</strong></span> <span class='ocrx_word' id='word_1_214' title='bbox 845 2843 928 2884; x_wconf 89' lang='lat' dir='ltr'><strong>aerae</strong></span> <span class='ocrx_word' id='word_1_215' title='bbox 937 2814 1051 2905; x_wconf 71' lang='lat' dir='ltr'><strong>epoihs</strong></span> <span class='ocrx_word' id='word_1_216' title='bbox 1065 2824 1225 2904; x_wconf 84' lang='lat' dir='ltr'><strong>Georgium</strong></span> <span class='ocrx_word' id='word_1_217' title='bbox 1239 2846 1319 2886; x_wconf 77' lang='lat' dir='ltr'><strong>eum⁴</strong></span> 
     </span>
     <span class='ocr_line' id='line_1_29' title="bbox 216 2905 792 2968; baseline 0.005 -3"><span class='ocrx_word' id='word_1_218' title='bbox 216 2905 359 2966; x_wconf 78' lang='lat' dir='ltr'><strong>Africano</strong></span> <span class='ocrx_word' id='word_1_219' title='bbox 373 2907 489 2966; x_wconf 90' lang='lat' dir='ltr'><strong>nullum</strong></span> <span class='ocrx_word' id='word_1_220' title='bbox 506 2906 613 2968; x_wconf 86' lang='lat' dir='ltr'><strong>habere</strong></span> <span class='ocrx_word' id='word_1_221' title='bbox 625 2908 792 2968; x_wconf 88' lang='lat' dir='ltr'><strong>dissidium.</strong></span> 
     </span>
    </p>

    <p class='ocr_par' dir='ltr' id='par_1_7' title="bbox 216 2984 1316 3401">
     <span class='ocr_line' id='line_1_30' title="bbox 305 2984 1309 3076; baseline 0.003 -24"><span class='ocrx_word' id='word_1_222' title='bbox 305 2993 368 3053; x_wconf 76' lang='lat' dir='ltr'><strong>Trai</strong></span> <span class='ocrx_word' id='word_1_223' title='bbox 384 2989 437 3052; x_wconf 81' lang='lat' dir='ltr'><strong>eal</strong></span> <span class='ocrx_word' id='word_1_224' title='bbox 449 2985 651 3076; x_wconf 70' lang='grc' dir='ltr'><strong><em>Αὐγούστου]</em></strong></span> <span class='ocrx_word' id='word_1_225' title='bbox 672 2984 1043 3073; x_wconf 59' lang='lat' dir='ltr'><strong>nummulatriam.</strong></span> <span class='ocrx_word' id='word_1_226' title='bbox 1073 2991 1204 3072; x_wconf 89' lang='lat' dir='ltr'><strong>Scaliger</strong></span> <span class='ocrx_word' id='word_1_227' title='bbox 1228 2992 1309 3055; x_wconf 84' lang='lat' dir='ltr'><strong>idem</strong></span> 
     </span>
     <span class='ocr_line' id='line_1_31' title="bbox 216 3071 1316 3156; baseline 0.004 -24"><span class='ocrx_word' id='word_1_228' title='bbox 216 3074 338 3153; x_wconf 87' lang='lat' dir='ltr'><strong>reponit</strong></span> <span class='ocrx_word' id='word_1_229' title='bbox 352 3074 385 3133; x_wconf 91' lang='lat' dir='ltr'><strong>in</strong></span> <span class='ocrx_word' id='word_1_230' title='bbox 398 3076 499 3151; x_wconf 85' lang='lat' dir='ltr'><strong>textu,</strong></span> <span class='ocrx_word' id='word_1_231' title='bbox 521 3076 553 3136; x_wconf 90' lang='lat' dir='ltr'><strong>in</strong></span> <span class='ocrx_word' id='word_1_232' title='bbox 576 3076 711 3140; x_wconf 87' lang='lat' dir='ltr'><strong>Animad.</strong></span> <span class='ocrx_word' id='word_1_233' title='bbox 732 3097 799 3154; x_wconf 89' lang='lat' dir='ltr'><strong>pag.</strong></span> <span class='ocrx_word' id='word_1_234' title='bbox 820 3077 893 3144; x_wconf 87' lang='grc'><strong>057.</strong></span> <span class='ocrx_word' id='word_1_235' title='bbox 914 3071 1061 3139; x_wconf 81' lang='lat' dir='ltr'><strong>Asisiron:</strong></span> <span class='ocrx_word' id='word_1_236' title='bbox 1080 3077 1220 3136; x_wconf 86' lang='lat' dir='ltr'><strong>usitatius</strong></span> <span class='ocrx_word' id='word_1_237' title='bbox 1244 3078 1316 3156; x_wconf 86' lang='lat' dir='ltr'><strong>ego,</strong></span> 
     </span>
     <span class='ocr_line' id='line_1_32' title="bbox 216 3152 1309 3240; baseline 0.005 -24"><span class='ocrx_word' id='word_1_238' title='bbox 216 3161 274 3218; x_wconf 77' lang='grc' dir='ltr'><strong>τοῦ</strong></span> <span class='ocrx_word' id='word_1_239' title='bbox 285 3157 336 3219; x_wconf 71' lang='grc' dir='ltr'><strong>καὶ</strong></span> <span class='ocrx_word' id='word_1_240' title='bbox 349 3152 538 3240; x_wconf 67' lang='grc' dir='ltr'><strong>Αὔγουστον.</strong></span> <span class='ocrx_word' id='word_1_241' title='bbox 572 3161 639 3220; x_wconf 83' lang='lat' dir='ltr'><strong>Non</strong></span> <span class='ocrx_word' id='word_1_242' title='bbox 653 3160 808 3238; x_wconf 85' lang='lat' dir='ltr'><strong>Augentus</strong></span> <span class='ocrx_word' id='word_1_243' title='bbox 822 3160 918 3235; x_wconf 89' lang='lat' dir='ltr'><strong>enim,</strong></span> <span class='ocrx_word' id='word_1_244' title='bbox 942 3180 999 3220; x_wconf 91' lang='lat' dir='ltr'><strong>nee</strong></span> <span class='ocrx_word' id='word_1_245' title='bbox 1016 3160 1140 3235; x_wconf 67' lang='lat' dir='ltr'><strong>Avitum</strong></span> <span class='ocrx_word' id='word_1_246' title='bbox 1162 3161 1214 3222; x_wconf 90' lang='lat' dir='ltr'><strong>sed</strong></span> <span class='ocrx_word' id='word_1_247' title='bbox 1226 3155 1309 3221; x_wconf 70' lang='lat' dir='ltr'><strong>Maf-</strong></span> 
     </span>
     <span class='ocr_line' id='line_1_33' title="bbox 219 3241 1308 3324; baseline 0.005 -26"><span class='ocrx_word' id='word_1_248' title='bbox 219 3257 272 3299; x_wconf 89' lang='lat' dir='ltr'><strong>eus</strong></span> <span class='ocrx_word' id='word_1_249' title='bbox 300 3241 440 3301; x_wconf 89' lang='lat' dir='ltr'><strong>Aurelius</strong></span> <span class='ocrx_word' id='word_1_250' title='bbox 459 3241 629 3303; x_wconf 85' lang='lat' dir='ltr'><strong>Antoninus</strong></span> <span class='ocrx_word' id='word_1_251' title='bbox 649 3245 803 3322; x_wconf 88' lang='lat' dir='ltr'><strong>Augustus</strong></span> <span class='ocrx_word' id='word_1_252' title='bbox 823 3243 979 3320; x_wconf 87' lang='lat' dir='ltr'><strong>audiebat,</strong></span> <span class='ocrx_word' id='word_1_253' title='bbox 1008 3243 1061 3324; x_wconf 91' lang='lat' dir='ltr'><strong>qui</strong></span> <span class='ocrx_word' id='word_1_254' title='bbox 1088 3243 1308 3323; x_wconf 87' lang='lat' dir='ltr'><strong>Heliogabalus,</strong></span> 
     </span>
     <span class='ocr_line' id='line_1_34' title="bbox 216 3324 469 3401; baseline 0.012 -20"><span class='ocrx_word' id='word_1_255' title='bbox 216 3324 267 3382; x_wconf 81' lang='lat' dir='ltr'><strong>vel</strong></span> <span class='ocrx_word' id='word_1_256' title='bbox 286 3325 469 3401; x_wconf 83' lang='lat' dir='ltr'><strong>Alugabalus.</strong></span> 
     </span>
    </p>

    <p class='ocr_par' dir='ltr' id='par_1_8' title="bbox 219 3401 1309 3574">
     <span class='ocr_line' id='line_1_35' title="bbox 298 3401 1309 3492; baseline 0 -20"><span class='ocrx_word' id='word_1_257' title='bbox 298 3401 422 3472; x_wconf 79' lang='lat' dir='ltr'><strong>&#39;Aerior</strong></span> <span class='ocrx_word' id='word_1_258' title='bbox 446 3407 464 3473; x_wconf 82' lang='lat' dir='ltr'><strong>d</strong></span> <span class='ocrx_word' id='word_1_259' title='bbox 486 3404 660 3488; x_wconf 72' lang='grc' dir='ltr'><strong><em>Μιλήσιος]</em></strong></span> <span class='ocrx_word' id='word_1_260' title='bbox 687 3407 830 3470; x_wconf 85' lang='lat' dir='ltr'><strong>Praemisi</strong></span> <span class='ocrx_word' id='word_1_261' title='bbox 850 3408 984 3471; x_wconf 86' lang='lat' dir='ltr'><strong>titulum.</strong></span> <span class='ocrx_word' id='word_1_262' title='bbox 1026 3405 1210 3492; x_wconf 72' lang='grc' dir='ltr'><strong><em>Σκορᾶδηνε</em></strong></span> <span class='ocrx_word' id='word_1_263' title='bbox 1236 3411 1309 3491; x_wconf 86' lang='lat' dir='ltr'><strong>legit</strong></span> 
     </span>
     <span class='ocr_line' id='line_1_36' title="bbox 219 3487 972 3574; baseline 0.004 -22"><span class='ocrx_word' id='word_1_264' title='bbox 219 3492 350 3572; x_wconf 87' lang='lat' dir='ltr'><strong>Scaliger</strong></span> <span class='ocrx_word' id='word_1_265' title='bbox 361 3487 520 3574; x_wconf 72' lang='grc' dir='ltr'><strong>Ἀρκτῖνος.</strong></span> <span class='ocrx_word' id='word_1_266' title='bbox 542 3493 684 3554; x_wconf 86' lang='lat' dir='ltr'><strong>Eusebius</strong></span> <span class='ocrx_word' id='word_1_267' title='bbox 699 3493 822 3553; x_wconf 75' lang='lat' dir='ltr'><strong>latinus</strong></span> <span class='ocrx_word' id='word_1_268' title='bbox 835 3493 972 3555; x_wconf 82' lang='lat' dir='ltr'><strong>Aeetius.</strong></span> 
     </span>
    </p>

    <p class='ocr_par' dir='ltr' id='par_1_9' title="bbox 215 3575 1309 3912">
     <span class='ocr_line' id='line_1_37' title="bbox 303 3575 1309 3660; baseline 0 -20"><span class='ocrx_word' id='word_1_269' title='bbox 303 3576 452 3660; x_wconf 69' lang='grc' dir='ltr'><strong><em>Θηραῖοι]</em></strong></span> <span class='ocrx_word' id='word_1_270' title='bbox 468 3577 578 3638; x_wconf 88' lang='lat' dir='ltr'><strong>Vocem</strong></span> <span class='ocrx_word' id='word_1_271' title='bbox 591 3578 721 3640; x_wconf 85' lang='lat' dir='ltr'><strong>restituit</strong></span> <span class='ocrx_word' id='word_1_272' title='bbox 732 3578 876 3638; x_wconf 88' lang='lat' dir='ltr'><strong>Eusebius</strong></span> <span class='ocrx_word' id='word_1_273' title='bbox 890 3578 928 3639; x_wconf 89' lang='lat' dir='ltr'><strong>ad</strong></span> <span class='ocrx_word' id='word_1_274' title='bbox 942 3595 1054 3638; x_wconf 88' lang='lat' dir='ltr'><strong>annum</strong></span> <span class='ocrx_word' id='word_1_275' title='bbox 1068 3575 1202 3638; x_wconf 83' lang='lat' dir='ltr'><strong>Abrahae</strong></span> <span class='ocrx_word' id='word_1_276' title='bbox 1217 3579 1309 3646; x_wconf 80' lang='grc'><strong>1053.</strong></span> 
     </span>
     <span class='ocr_line' id='line_1_38' title="bbox 224 3661 1309 3741; baseline 0.002 -21"><span class='ocrx_word' id='word_1_277' title='bbox 224 3661 361 3736; x_wconf 68' lang='lat' dir='ltr'><strong>liberari,</strong></span> <span class='ocrx_word' id='word_1_278' title='bbox 383 3661 501 3741; x_wconf 86' lang='lat' dir='ltr'><strong>scribit,</strong></span> <span class='ocrx_word' id='word_1_279' title='bbox 531 3662 670 3740; x_wconf 78' lang='lat' dir='ltr'><strong>Cyrenem</strong></span> <span class='ocrx_word' id='word_1_280' title='bbox 689 3661 890 3722; x_wconf 81' lang='lat' dir='ltr'><strong>condiderunt</strong></span> <span class='ocrx_word' id='word_1_281' title='bbox 908 3663 1033 3721; x_wconf 69' lang='lat' dir='ltr'><strong>oraculo</strong></span> <span class='ocrx_word' id='word_1_282' title='bbox 1048 3664 1094 3720; x_wconf 89' lang='lat' dir='ltr'><strong>sic</strong></span> <span class='ocrx_word' id='word_1_283' title='bbox 1108 3661 1236 3722; x_wconf 77' lang='lat' dir='ltr'><strong>iubente.</strong></span> <span class='ocrx_word' id='word_1_284' title='bbox 1265 3663 1309 3723; x_wconf 85' lang='lat' dir='ltr'><strong>De</strong></span> 
     </span>
     <span class='ocr_line' id='line_1_39' title="bbox 215 3743 1309 3827; baseline 0.002 -23"><span class='ocrx_word' id='word_1_285' title='bbox 215 3743 264 3806; x_wconf 90' lang='lat' dir='ltr'><strong>his</strong></span> <span class='ocrx_word' id='word_1_286' title='bbox 284 3746 400 3808; x_wconf 89' lang='lat' dir='ltr'><strong>Strabo.</strong></span> <span class='ocrx_word' id='word_1_287' title='bbox 421 3746 473 3811; x_wconf 85' lang='lat' dir='ltr'><strong>lib.</strong></span> <span class='ocrx_word' id='word_1_288' title='bbox 497 3751 545 3813; x_wconf 89' lang='grc'><strong>17.</strong></span> <span class='ocrx_word' id='word_1_289' title='bbox 567 3766 633 3827; x_wconf 88' lang='lat' dir='ltr'><strong>cap.</strong></span> <span class='ocrx_word' id='word_1_290' title='bbox 655 3753 706 3815; x_wconf 92' lang='grc'><strong>00.</strong></span> <span class='ocrx_word' id='word_1_291' title='bbox 728 3748 765 3807; x_wconf 91' lang='lat' dir='ltr'><strong>de</strong></span> <span class='ocrx_word' id='word_1_292' title='bbox 782 3746 945 3824; x_wconf 83' lang='lat' dir='ltr'><strong>Pandosia,</strong></span> <span class='ocrx_word' id='word_1_293' title='bbox 974 3744 1064 3806; x_wconf 86' lang='lat' dir='ltr'><strong>hodie</strong></span> <span class='ocrx_word' id='word_1_294' title='bbox 1091 3745 1250 3806; x_wconf 83' lang='lat' dir='ltr'><strong>Consentia</strong></span> <span class='ocrx_word' id='word_1_295' title='bbox 1277 3755 1309 3807; x_wconf 90' lang='lat' dir='ltr'><strong>et</strong></span> 
     </span>
     <span class='ocr_line' id='line_1_40' title="bbox 216 3828 1308 3912; baseline 0.003 -23"><span class='ocrx_word' id='word_1_296' title='bbox 216 3828 398 3912; x_wconf 86' lang='lat' dir='ltr'><strong>Metapontio</strong></span> <span class='ocrx_word' id='word_1_297' title='bbox 411 3829 521 3891; x_wconf 85' lang='lat' dir='ltr'><strong>italicis</strong></span> <span class='ocrx_word' id='word_1_298' title='bbox 532 3830 596 3892; x_wconf 82' lang='lat' dir='ltr'><strong>sive</strong></span> <span class='ocrx_word' id='word_1_299' title='bbox 611 3832 773 3911; x_wconf 79' lang='lat' dir='ltr'><strong>calabricis</strong></span> <span class='ocrx_word' id='word_1_300' title='bbox 795 3831 920 3892; x_wconf 90' lang='lat' dir='ltr'><strong>urbibus</strong></span> <span class='ocrx_word' id='word_1_301' title='bbox 942 3829 1049 3891; x_wconf 80' lang='lat' dir='ltr'><strong>Strabo</strong></span> <span class='ocrx_word' id='word_1_302' title='bbox 1065 3829 1118 3894; x_wconf 89' lang='lat' dir='ltr'><strong>lib.</strong></span> <span class='ocrx_word' id='word_1_303' title='bbox 1140 3836 1180 3910; x_wconf 74' lang='grc'><strong>6.</strong></span> <span class='ocrx_word' id='word_1_304' title='bbox 1191 3850 1256 3910; x_wconf 86' lang='lat' dir='ltr'><strong>cap.</strong></span> <span class='ocrx_word' id='word_1_305' title='bbox 1275 3833 1308 3897; x_wconf 81' lang='grc'><strong>3.</strong></span> 
     </span>
    </p>

    <p class='ocr_par' dir='ltr' id='par_1_10' title="bbox 211 3990 1314 4248">
     <span class='ocr_line' id='line_1_41' title="bbox 299 3990 1309 4083; baseline -0.005 -22"><span class='ocrx_word' id='word_1_306' title='bbox 299 3991 447 4083; x_wconf 69' lang='grc' dir='ltr'><strong>Ἀθήνῃσι</strong></span> <span class='ocrx_word' id='word_1_307' title='bbox 461 3990 589 4080; x_wconf 58' lang='lat' dir='ltr'><strong>repaire]</strong></span> <span class='ocrx_word' id='word_1_308' title='bbox 610 3997 754 4060; x_wconf 87' lang='lat' dir='ltr'><strong>Eusebius</strong></span> <span class='ocrx_word' id='word_1_309' title='bbox 769 3998 808 4058; x_wconf 89' lang='lat' dir='ltr'><strong>ad</strong></span> <span class='ocrx_word' id='word_1_310' title='bbox 821 4019 934 4059; x_wconf 87' lang='lat' dir='ltr'><strong>annum</strong></span> <span class='ocrx_word' id='word_1_311' title='bbox 951 3994 1084 4058; x_wconf 87' lang='lat' dir='ltr'><strong>Abrahae</strong></span> <span class='ocrx_word' id='word_1_312' title='bbox 1098 3996 1190 4064; x_wconf 88' lang='grc'><strong>1044.</strong></span> <span class='ocrx_word' id='word_1_313' title='bbox 1209 3997 1309 4057; x_wconf 74' lang='lat' dir='ltr'><strong>Aehe-</strong></span> 
     </span>
     <span class='ocr_line' id='line_1_42' title="bbox 217 4079 1309 4164; baseline 0.002 -24"><span class='ocrx_word' id='word_1_314' title='bbox 217 4082 267 4140; x_wconf 87' lang='lat' dir='ltr'><strong>nis</strong></span> <span class='ocrx_word' id='word_1_315' title='bbox 275 4085 414 4161; x_wconf 83' lang='lat' dir='ltr'><strong>primum</strong></span> <span class='ocrx_word' id='word_1_316' title='bbox 428 4086 533 4141; x_wconf 82' lang='lat' dir='ltr'><strong>trieres</strong></span> <span class='ocrx_word' id='word_1_317' title='bbox 546 4086 707 4164; x_wconf 74' lang='lat' dir='ltr'><strong>nauigauit</strong></span> <span class='ocrx_word' id='word_1_318' title='bbox 719 4084 895 4143; x_wconf 87' lang='lat' dir='ltr'><strong>Aminoeleo</strong></span> <span class='ocrx_word' id='word_1_319' title='bbox 914 4103 1037 4142; x_wconf 85' lang='lat' dir='ltr'><strong>cursum</strong></span> <span class='ocrx_word' id='word_1_320' title='bbox 1057 4079 1222 4160; x_wconf 79' lang='lat' dir='ltr'><strong>dirigente.-</strong></span> <span class='ocrx_word' id='word_1_321' title='bbox 1245 4083 1309 4142; x_wconf 83' lang='lat' dir='ltr'><strong>eius</strong></span> 
     </span>
     <span class='ocr_line' id='line_1_43' title="bbox 211 4158 1314 4248; baseline 0.002 -23"><span class='ocrx_word' id='word_1_322' title='bbox 211 4166 301 4226; x_wconf 80' lang='lat' dir='ltr'><strong>leber</strong></span> <span class='ocrx_word' id='word_1_323' title='bbox 323 4176 353 4226; x_wconf 88' lang='lat' dir='ltr'><strong>et</strong></span> <span class='ocrx_word' id='word_1_324' title='bbox 375 4165 569 4244; x_wconf 77' lang='lat' dir='ltr'><strong>trierarchus,</strong></span> <span class='ocrx_word' id='word_1_325' title='bbox 590 4169 642 4248; x_wconf 89' lang='lat' dir='ltr'><strong>qui</strong></span> <span class='ocrx_word' id='word_1_326' title='bbox 653 4168 823 4248; x_wconf 77' lang='lat' dir='ltr'><strong>Thucydidi</strong></span> <span class='ocrx_word' id='word_1_327' title='bbox 840 4168 892 4228; x_wconf 87' lang='lat' dir='ltr'><strong>lib.</strong></span> <span class='ocrx_word' id='word_1_328' title='bbox 912 4171 940 4233; x_wconf 89' lang='lat'><strong>1.</strong></span> <span class='ocrx_word' id='word_1_329' title='bbox 954 4165 1097 4241; x_wconf 81' lang='lat' dir='ltr'><strong>scribitur</strong></span> <span class='ocrx_word' id='word_1_330' title='bbox 1109 4158 1314 4245; x_wconf 75' lang='grc' dir='ltr'><strong>Ἀμεινοκλῆς.</strong></span> 
     </span>
    </p>

    <p class='ocr_par' dir='ltr' id='par_1_11' title="bbox 218 4247 1310 4519">
     <span class='ocr_line' id='line_1_44' title="bbox 303 4247 1310 4330; baseline -0.002 -16"><span class='ocrx_word' id='word_1_331' title='bbox 303 4247 432 4330; x_wconf 70' lang='grc' dir='ltr'><strong><em>Νάξος]</em></strong></span> <span class='ocrx_word' id='word_1_332' title='bbox 456 4253 501 4312; x_wconf 87' lang='lat' dir='ltr'><strong>lte</strong></span> <span class='ocrx_word' id='word_1_333' title='bbox 520 4251 676 4328; x_wconf 87' lang='lat' dir='ltr'><strong>legendum</strong></span> <span class='ocrx_word' id='word_1_334' title='bbox 698 4261 800 4312; x_wconf 89' lang='lat' dir='ltr'><strong>monet</strong></span> <span class='ocrx_word' id='word_1_335' title='bbox 821 4251 968 4312; x_wconf 87' lang='lat' dir='ltr'><strong>Eusebius</strong></span> <span class='ocrx_word' id='word_1_336' title='bbox 988 4251 1033 4309; x_wconf 89' lang='lat' dir='ltr'><strong>ad·</strong></span> <span class='ocrx_word' id='word_1_337' title='bbox 1046 4258 1157 4310; x_wconf 85' lang='lat' dir='ltr'><strong>annum</strong></span> <span class='ocrx_word' id='word_1_338' title='bbox 1174 4249 1310 4323; x_wconf 83' lang='lat' dir='ltr'><strong>Abrahae</strong></span> 
     </span>
     <span class='ocr_line' id='line_1_45' title="bbox 220 4330 1310 4413; baseline 0 -17"><span class='ocrx_word' id='word_1_339' title='bbox 220 4338 310 4402; x_wconf 84' lang='lat'><strong>1676.</strong></span> <span class='ocrx_word' id='word_1_340' title='bbox 338 4335 449 4396; x_wconf 81' lang='lat' dir='ltr'><strong>Naxus</strong></span> <span class='ocrx_word' id='word_1_341' title='bbox 463 4339 498 4394; x_wconf 88' lang='lat' dir='ltr'><strong>in</strong></span> <span class='ocrx_word' id='word_1_342' title='bbox 511 4338 621 4396; x_wconf 80' lang='lat' dir='ltr'><strong>Sicilia</strong></span> <span class='ocrx_word' id='word_1_343' title='bbox 645 4335 790 4399; x_wconf 64' lang='lat' dir='ltr'><strong>condita.</strong></span> <span class='ocrx_word' id='word_1_344' title='bbox 810 4337 917 4396; x_wconf 90' lang='lat' dir='ltr'><strong>Strabo</strong></span> <span class='ocrx_word' id='word_1_345' title='bbox 935 4335 991 4396; x_wconf 87' lang='lat' dir='ltr'><strong>lib.</strong></span> <span class='ocrx_word' id='word_1_346' title='bbox 1012 4338 1041 4399; x_wconf 84' lang='lat'><strong>6.</strong></span> <span class='ocrx_word' id='word_1_347' title='bbox 1065 4336 1201 4413; x_wconf 56' lang='lat' dir='ltr'><strong>caps&#39;lss-</strong></span> <span class='ocrx_word' id='word_1_348' title='bbox 1223 4330 1310 4396; x_wconf 64' lang='lat' dir='ltr'><strong>aidi</strong></span> 
     </span>
     <span class='ocr_line' id='line_1_46' title="bbox 218 4413 1308 4519; baseline -0.004 -35"><span class='ocrx_word' id='word_1_349' title='bbox 218 4416 328 4500; x_wconf 60' lang='lat' dir='ltr'><strong>peruia}</strong></span> <span class='ocrx_word' id='word_1_350' title='bbox 341 4414 482 4502; x_wconf 78' lang='grc' dir='ltr'><strong><em>Κατάνης</em></strong></span> <span class='ocrx_word' id='word_1_351' title='bbox 494 4418 546 4485; x_wconf 69' lang='grc' dir='ltr'><strong>καὶ</strong></span> <span class='ocrx_word' id='word_1_352' title='bbox 560 4425 767 4506; x_wconf 72' lang='grc' dir='ltr'><strong><em>Συρακουσῶν</em></strong></span> <span class='ocrx_word' id='word_1_353' title='bbox 783 4413 1093 4519; x_wconf 54' lang='grc' dir='ltr'><strong><em>ἕκλελοίκασρΝᾶξος</em></strong></span> <span class='ocrx_word' id='word_1_354' title='bbox 1104 4416 1156 4517; x_wconf 69' lang='grc' dir='ltr'><strong>καὶ</strong></span> <span class='ocrx_word' id='word_1_355' title='bbox 1171 4416 1308 4511; x_wconf 73' lang='grc' dir='ltr'><strong>Μέγαρα.</strong></span> 
     </span>
    </p>
   </div>
   <div class='ocr_carea' id='block_1_3' title="bbox 0 0 1561 4959">
    <p class='ocr_par' dir='ltr' id='par_1_12' title="bbox 0 0 1561 4959">
     <span class='ocr_line' id='line_1_47' title="bbox 0 0 1561 4959; baseline 0 0"><span class='ocrx_word' id='word_1_356' title='bbox 0 0 1561 4959; x_wconf 95' lang='lat' dir='ltr'><strong> </strong></span> 
     </span>
    </p>
   </div>
  </div>
 </body>
</html>
