3109 4959
232 402 283 473 70
718 407 855 478 contu

231 570 303 631 liter
330 572 491 648 excerpta,
511 570 543 625 et
561 583 629 627 oum
648 564 819 646 apographo
842 564 934 645 Regio
954 562 1089 629 fidelius
1106 572 1276 645 comparata
1297 586 1323 625 n

231 651 409 729 reddidero,
438 650 478 711 ad
500 650 629 713 auctoris
649 660 779 711 mentem
800 651 1005 730 lectorumque
1039 649 1200 711 editionem
1216 650 1323 711 huius-

232 738 315 800 modi
345 734 587 819 praestolantium
607 734 769 815 plurimum
789 753 838 794 sne
862 735 1000 795 hahuisse
1021 742 1122 812 ratus,
1143 742 1174 794 et
1196 735 1325 815 suscepti

233 822 333 884 onerh
347 831 464 903 partem
476 819 646 896 exsolvisse,
668 841 731 881 non
747 819 898 899 exemplar
915 819 989 880 adeo
1010 839 1100 898 qnam
1121 818 1324 899 apographum

232 908 359 987 Regium
379 906 411 964 in
434 890 609 984 aniigrapho
629 904 712 965 fideli
735 904 935 983 evulgandum
958 904 1069 965 curari.
1112 904 1246 963 mooun
1261 923 1325 963 eam

234 993 375 1067 obrem,
404 989 493 1049 verba
514 989 689 1049 deformiter
707 989 906 1069 transposita,
936 988 1068 1049 desectus
1092 989 1176 1047 nullo
1201 987 1251 1049 val
1264 988 1325 1049 lavi
1428 1019 1433 1027 ·

234 1077 339 1137 labore
359 1073 558 1154 reparandos,
580 1073 613 1133 in
631 1074 761 1135 numeris
782 1073 1046 1149 hallucinationes,
1067 1092 1157 1134 voces
1178 1072 1325 1151 barbaras,

236 1157 462 1239 orthographiae
475 1157 559 1217 illata
572 1160 697 1221 whrera
704 1204 714 1235 ,
733 1159 885 1237 graviores
898 1159 1083 1218 amanuensis
1096 1178 1230 1233 errores,
1251 1177 1326 1237 quoa

237 1243 448 1326 apographum,
469 1252 504 1303 ut
517 1243 576 1322 legi
589 1250 697 1324 potest,
711 1244 836 1320 obtulit,
857 1244 890 1303 in
904 1241 1112 1323 artigraphum
1124 1234 1158 1303 et'
1166 1242 1327 1303 editionem

234 1328 348 1411 pariter
371 1327 559 1407 recipiendos
579 1328 717 1395 decrevit
738 1338 829 1389 uteo
852 1329 965 1407 gratior
986 1336 1145 1409 appareret
1158 1326 1326 1406 syncellus,

238 1434 297 1495 quo
311 1412 525 1473 inemendatior
531 1421 560 1471 et
573 1413 756 1493 incomptior
767 1414 917 1492 prodiret:
938 1434 1007 1472 uam
1025 1412 1205 1492 quaudoque

471 1496 641 1574 incomptae
663 1497 740 1554 collo
761 1500 807 1553 stc
824 1498 964 1573 placuere
983 1517 1097 1557 comae.

237 1582 277 1641 Et
290 1578 391 1639 naevis
405 1600 618 1658 nonnunquam
632 1580 729 1660 pictae
741 1578 866 1639 tabellae
878 1588 962 1638 tanta
975 1579 1040 1637 laus
1051 1578 1189 1653 accessit,
1207 1587 1245 1639 ut
1256 1578 1328 1640 ahs-

238 1686 297 1745 que
319 1665 378 1724 illis
403 1674 432 1725 et
456 1665 543 1723 faciei
561 1675 717 1741 venustas,
738 1674 767 1723 et
786 1664 858 1723 artis
872 1664 910 1722 ad
926 1672 1122 1744 prototypum
1143 1662 1254 1723 veritas
1272 1664 1329 1722 im-

236 1748 363 1831 probata
375 1758 515 1809 maneret.
558 1748 679 1809 lllendns
698 1758 797 1809 tamen
809 1749 876 1808 illas
887 1748 1005 1807 stellula
1017 1748 1098 1808 inter
1110 1756 1212 1808 textus
1223 1747 1330 1808 seriem
1380 1747 1388 1761 '

237 1834 389 1903 confixas,
411 1833 549 1892 adiacens
567 1835 692 1893 verbum
713 1834 840 1911 virgulis
862 1833 1032 1910 inclusum,
1053 1833 1104 1893 vel
1124 1832 1193 1912 pari
1210 1832 1330 1903 stellula

235 1917 407 1997 marginalis
424 1917 570 1976 correctio
586 1919 726 1977 adnotata
739 1918 772 1975 in
789 1918 941 1977 meliorem
955 1935 1074 1977 sennam
1085 1917 1231 1977 restituit:
1253 1935 1330 1996 quae

235 2003 263 2065 si
278 2002 438 2083 prolixiori
458 2002 603 2061 sententia
621 2012 737 2061 textum
753 2002 932 2083 interpolet,
952 2002 1001 2063 vel
1017 2002 1126 2062 clarius
1140 2001 1330 2081 explananda

237 2108 372 2147 sermono
394 2086 524 2165 indigeat
545 2086 709 2159 diffusiori,
738 2106 830 2166 quae,
852 2088 991 2165 iuquam,
1012 2084 1183 2147 huiuamodi
1203 2094 1264 2163 est,
1289 2106 1329 2146 ne

237 2173 399 2249 marginem
415 2171 502 2231 nimis
519 2181 641 2249 oneret,
662 2173 711 2231 vel
723 2172 866 2232 leviorem
879 2180 1007 2252 occupet
1017 2171 1134 2249 locum,
1155 2180 1185 2231 et
1198 2171 1329 2231 confuu-

238 2258 291 2317 dat
314 2256 465 2333 ordinem,
486 2256 525 2314 ad
544 2268 630 2317 notas
656 2258 841 2317 commodius
857 2256 1036 2317 remittitur:
1058 2277 1098 2317 ex
1122 2276 1183 2337 quo
1203 2256 1327 2331 factum,

238 2350 276 2405 ut
291 2340 551 2419 interpolationunr
572 2352 770 2421 notarumque
793 2342 883 2401 simul
895 2342 1097 2403 admixtas-um
1109 2342 1262 2425 cuononi
1278 2358 1328 2417 ge-

238 2425 337 2485 minus
352 2423 402 2483 hio
416 2424 522 2485 titulus
536 2426 714 2505 praemissus
725 2427 883 2487 habeatura
905 2426 1140 2487 Eruendatioues
1151 2437 1178 2485 et
1187 2424 1328 2485 Anssoto-
1396 2498 1400 2503 ι

239 2514 356 2571 tirason·
385 2509 578 2589 Frequentius
593 2520 691 2570 tamen
707 2513 852 2590 expetitas
868 2512 964 2571 fateor
979 2513 1178 2571 correctiones
1192 2530 1254 2568 non
1271 2508 1329 2567 ad·

237 2594 345 2668 iectas,
367 2595 450 2675 quod
469 2595 601 2672 consilii,
623 2616 685 2655 non
706 2595 879 2655 oscitantiae
898 2615 990 2676 opus,
1011 2595 1093 2673 quod
1112 2594 1256 2653 nimirum
1269 2612 1330 2651 nu-

237 2680 328 2739 meris
342 2678 569 2743 succedentibus
587 2681 778 2761 opponendae
786 2726 796 2756 ,
816 2680 911 2760 priori
924 2679 973 2740 rel
986 2680 1073 2739 etiam
1089 2677 1174 2737 alteri
1186 2696 1329 2751 annuae,

239 2765 342 2824 codena
352 2764 464 2822 iudicio
482 2765 694 2825 continuentur
705 2765 739 2825 in
753 2764 886 2844 reliquis,
900 2774 931 2823 et
945 2764 1028 2825 velut
1042 2763 1164 2843 reliquis
1177 2762 1330 2842 appositae

238 2856 337 2905 mente
352 2848 474 2905 omnino
487 2858 651 2910 teneantur.
674 2850 720 2908 td
734 2849 927 2909 correctionis
937 2858 1037 2909 textus
1051 2849 1108 2907 alia
1117 2868 1164 2907 me
1179 2846 1330 2906 addidisse

239 2951 303 2989 non
316 2929 431 2988 inficias
440 2929 518 2989 iero:
532 2931 633 2991 titulos
641 2932 948 2992 videlicetnonnnllos
961 2933 1089 3007 ornatui,
1105 2929 1329 2993 veladhibendo

172 3068 174 3073 ,
203 3012 404 3095 &discrimini
415 3012 618 3075 inservientes.
635 3016 675 3074 lii
684 3016 721 3075 ad
728 3016 956 3094 MS.marginem
963 3018 1082 3098 reperti,
1094 3017 1126 3075 in
1134 3013 1206 3074 editi
1213 3022 1329 3075 textum

225 3099 394 3177 'commode
408 3099 570 3180 deportati,
598 3110 648 3159 aut
668 3121 729 3159 non
744 3110 893 3161 exstantes
906 3121 944 3161 ex
959 3101 1144 3162 necessitatis
1160 3096 1259 3158 officio
1276 3099 1328 3159 in·

238 3184 330 3244 trusi:
345 3182 448 3254 'huiars
461 3194 558 3244 autem
580 3185 629 3245 vel
648 3184 728 3249 illius
746 3187 861 3265 generis
883 3186 1052 3265 quicunque
1072 3182 1198 3260 suerint,
1218 3204 1257 3243 ex
1273 3205 1327 3244 so·

241 3268 295 3328 ciis
309 3269 560 3329 annotatiunculis
573 3268 605 3329 in
619 3269 685 3351 ipso
697 3272 828 3349 margine
841 3272 1063 3350 dignoscuntur.
1091 3268 1225 3329 Editione
1236 3290 1327 3349 porro

240 3353 313 3429 ista,
336 3373 404 3413 cum
423 3352 593 3414 authentico
612 3356 701 3434 Regio
726 3366 862 3414 accurate
878 3355 1005 3429 collata,
1029 3352 1123 3413 codex
1137 3354 1327 3433 postmodum

241 3446 367 3516 uterque
388 3459 455 3497 cum
478 3440 681 3518 Scaligerianis
698 3439 847 3519 excerptis
869 3458 932 3497 non
954 3438 1154 3517 perfunctorie
1171 3458 1327 3517 compara-

240 3530 301 3579 tus.
346 3523 441 3582 Habet
471 3544 543 3584 vero
565 3526 694 3602 Scaliger
714 3524 855 3598 Euschii,
882 3542 958 3600 quaa
984 3522 1111 3600 iudicat,
1139 3524 1326 3600 Excerptna

242 3604 349 3663 Graeci
366 3614 465 3667 textus
478 3609 622 3668 Thesami
635 3620 804 3689 temporum
818 3626 883 3685 pag.
896 3606 983 3673 3.,αᾶ
993 3609 1152 3667 secundam
1171 3626 1262 3685 supra
1282 3627 1326 3666 ae-

241 3689 469 3771 ptuagesimam=
493 3694 543 3771 qui
558 3695 694 3773 sequitur
707 3692 827 3751 Eusebii
844 3690 1005 3753 Chronicus
1016 3694 1118 3751 Gauron
1134 3691 1244 3750 Graece
1254 3690 1326 3751 red·

240 3776 324 3835 ditus
341 3774 459 3850 Georgii
477 3776 612 3855 imitatio,
627 3786 656 3837 et
671 3777 787 3836 Eusebii
798 3775 959 3853 translatio,
974 3798 1038 3837 non
1054 3774 1173 3836 Eusebii
1188 3775 1326 3835 erGeor-

238 3859 287 3937 gio
307 3868 448 3937 excerpta
470 3860 647 3921 sinceriora:
678 3860 811 3919 Africani
827 3863 971 3922 nonnulle
992 3860 1102 3920 ibidem
1122 3859 1227 3938 obvia,
1256 3880 1325 3921 oum

239 3944 320 4002 inter
332 3943 495 4003 Eusebiana
514 3947 638 4023 passim,
660 3955 726 4004 tum
744 3946 871 4006 maxime
888 3956 990 4007 textus
1007 3944 1112 4004 Graeci
1124 3965 1190 4024 pag.
1208 3945 1282 4011 355.
1295 3953 1326 4004 et

239 4028 468 4087 succedentibus
492 4038 761 4107 repraesentatum:
788 4032 902 4111 reliqua
922 4027 1041 4107 Georgii
1060 4030 1181 4089 nomine
1202 4028 1324 4108 scripta,

239 4112 289 4172 vel
299 4112 415 4172 Arriano
437 4122 467 4171 et
480 4113 634 4175 Pauodoro
654 4123 734 4174 certo
750 4116 944 4177 adscribenda
959 4114 1039 4174 inter
1058 4113 1325 4175 animadversiones

239 4197 365 4273 sparsim
383 4198 480 4257 reiicit
493 4198 636 4275 Sculiger:
659 4208 746 4278 atquc
759 4200 819 4277 ita,
841 4200 921 4280 quod
941 4198 1027 4259 aiunt
1047 4197 1183 4280 Physici,
1205 4198 1326 4277 Syncel-

239 4280 310 4338 liaui
328 4283 425 4360 operis
444 4282 593 4342 materiam
616 4284 742 4363 primam
759 4294 926 4361 serutatur,
947 4292 1152 4364 repertamque
1172 4281 1206 4341 in
1225 4290 1325 4362 partes

195 4360 199 4366 ’
239 4364 311 4423 alias
329 4385 366 4427 ex
388 4367 478 4427 aidani
494 4368 568 4429 hene
581 4368 694 4449 placito
709 4369 872 4433 distribuit.
886 4364 890 4368 ’
914 4368 1002 4432 Haud
1017 4368 1154 4450 equidem
1168 4366 1255 4449 plura
1266 4366 1327 4429 dia·
