3109 4959
247 440 298 513 20
629 444 958 514 G.G.131tE1)0v1t

338 602 461 681 Neque
450 624 482 663 an
504 624 539 663 eo
555 601 684 683 quievit,
705 609 739 660 ut
762 620 801 661 ex
819 621 879 660 uiro
903 600 1005 659 codice
1023 620 1127 680 graeco
1150 596 1335 679 septuaginta

253 692 450 768 interpretum
472 708 610 748 numeros
627 682 791 763 collegeiit:
809 688 915 763 plores
939 684 1054 743 codices
1071 690 1148 743 inter
1165 704 1195 740 se
1215 704 1335 761 corapo-

255 778 334 832 eoois
356 794 420 852 pag
442 778 492 839 83.
508 778 577 846 89,
607 790 785 850 quamquam
808 771 892 827 uobrs
908 771 1006 828 absara
1023 791 1109 828 veras
1125 768 1265 826 lectiones
1283 787 1336 824 se-

252 868 364 937 quutus
377 878 437 916 esse
453 879 511 916 non
527 818 655 915 videtur.
694 854 831 934 inprimis
844 855 946 912 laudat
962 854 1108 929 codicem,
1129 850 1336 910 eGaesariensi

252 942 454 1047 Cappadociae
471 938 652 1001 Bibliotheca
675 939 729 997 sibi
745 940 891 1015 delatum,
914 933 1119 1020 ἤκριβωμὲνον
1134 931 1210 998 κατά
1228 958 1258 996 τε
1273 954 1336 995 στι-

251 1024 331 1111 γμὴν
348 1026 398 1088 aul
419 1025 590 1107 aasentias
597 1066 608 1100 ,
637 1024 889 1084 accuratissimum
908 1024 990 1101 quod
1007 1024 1046 1081 ad
1065 1020 1337 1123 interpunctionem

251 1121 281 1169 et
295 1120 433 1169 accentus
451 1110 597 1190 pertinet,
619 1118 648 1167 et
662 1107 875 1185 descripturne
896 1108 1017 1183 codice,
1040 1126 1126 1185 quem
1140 1106 1299 1178 Basileus,
1320 1100 1337 1167 ὅ

250 1192 340 1275 μέγας
371 1194 423 1256 καὶ
451 1202 552 1268 θεῖος,
580 1192 718 1273 pluribus
738 1191 821 1249 libris
842 1192 920 1250 inter
943 1212 974 1251 se
998 1190 1130 1265 collatis,
1160 1196 1337 1261 correxerat,

249 1299 315 1357 pag.
331 1283 402 1343 203.
415 1278 448 1337 B.
489 1279 536 1339 Ex
550 1276 609 1337 hoc
624 1276 729 1336 codice
742 1276 780 1334 ad
803 1276 844 1335 lv
858 1276 969 1335 librum
985 1276 1097 1354 Regum
1114 1295 1177 1353 cap
1193 1277 1233 1338 15
1249 1292 1280 1330 v.
1296 1277 1336 1336 27

248 1363 403 1421 lectionem
419 1361 503 1435 citat,
526 1382 615 1441 quarn
629 1364 660 1420 in
671 1361 780 1419 nostris
791 1360 876 1418 libris
889 1361 973 1419 editis
986 1359 1092 1418 nullibi
1103 1357 1234 1437 reperio:
1258 1356 1338 1414 l‘ha-

249 1467 320 1505 cecn
327 1466 452 1524 ‚regent
466 1445 599 1518 Israelis,
621 1465 680 1505 non
694 1466 788 1503 aranos
806 1447 934 1523 viginti,
960 1446 1012 1503 sed
1029 1455 1095 1501 octo
1110 1455 1136 1500 et
1159 1444 1272 1521 triginti
1286 1460 1338 1499 re-

249 1551 361 1608 gnasse,
378 1551 463 1607 quarn
477 1531 635 1589 lectionem
649 1530 792 1606 Georgius
805 1529 945 1608 sequitur.
974 1529 1074 1608 Neque
1086 1548 1243 1588 numerum
1257 1536 1339 1582 octo-

250 1613 362 1687 decim,
386 1635 473 1693 quem
488 1615 520 1675 h.
538 1616 558 1673 l.
575 1614 716 1690 Georgius
733 1616 765 1672 in
781 1614 846 1673 aliis
866 1613 1082 1693 exemplaribus
1097 1612 1238 1690 reperisse
1255 1609 1338 1682 dicit,

249 1700 282 1757 in
297 1698 405 1757 nostris
427 1698 605 1757 editionibus
622 1700 726 1778 reperi.
769 1699 899 1757 Maxima
919 1719 990 1757 vero
1008 1698 1175 1756 differentia
1197 1695 1338 1753 codicum

250 1793 294 1841 est
308 1784 448 1858 insono,
472 1806 529 1862 quo
544 1784 708 1842 Mathusala
725 1778 777 1843 τὸν
790 1781 917 1843 Lamech
930 1784 1075 1860 genuerit.
1120 1781 1263 1855 Georgica
1277 1798 1338 1857 po·
1356 1850 1358 1854 .

249 1868 296 1926 nit
323 1888 433 1926 annum
459 1869 650 1927 centesimum
666 1864 894 1943 'aarogesa'mum
916 1868 1072 1945 septimum
1094 1863 1293 1936 hlatbusalae3
1320 1880 1337 1919 e

251 1952 427 2029 quibusdam
447 1973 517 2011 vero
542 1954 618 2012 raris
640 1953 859 2031 exemplaribus
880 1946 923 2032 (p.
938 1954 988 2015 83.
1005 1951 1051 2029 G.)
1071 1952 1163 2009 refert
1178 1948 1337 2006 Africanus

248 2035 436 2093 nativitatem
459 2040 514 2097 aori
527 2036 654 2094 'Lamech
671 2037 709 2093 ad
722 2056 832 2093 annuus
856 2035 1046 2093 centesimum
1063 2036 1272 2113 octogesimum
1289 2050 1337 2089 se-

248 2118 377 2198 ptimum
396 2117 593 2177 Mathusalae:
615 2120 659 2179 uti
680 2120 710 2177 in
726 2120 835 2178 nostris
852 2118 936 2177 libris
955 2120 1074 2198 optimis·
1096 2140 1155 2177 non
1172 2118 1268 2175 solum
1287 2134 1338 2172 se·

248 2204 402 2281 ptuaginta
418 2203 628 2281 interpretum,
654 2224 756 2261 verum
773 2204 859 2261 etiam
876 2203 908 2261 in
924 2202 990 2281 ipso
1005 2213 1091 2261 textu
1104 2202 1248 2262 Hebraico
1265 2200 1338 2276 (Ge-

248 2307 308 2345 nea.
327 2286 360 2345 V.
383 2283 445 2363 95.)
469 2287 583 2363 legitur.
598 2318 639 2331 --
654 2285 714 2365 Ego
730 2289 850 2365 quidem
866 2287 1006 2344 Africano
1021 2288 1180 2361 uestitior-3
1202 2293 1231 2342 ct
1244 2287 1338 2340 Geor-

247 2372 314 2445 gius
336 2370 449 2443 nodos,
477 2371 584 2447 quibus
614 2388 645 2427 ao
676 2392 817 2448 suasisque
840 2369 1068 2446 chronologiam
1094 2366 1337 2446 circumstringit,

247 2454 387 2512 nonnisi
409 2454 506 2533 gladio
527 2454 714 2535 proscindit,
737 2464 766 2513 et
789 2476 861 2512 nrox
884 2454 989 2512 dubim
1012 2453 1160 2513 haesitans
1181 2462 1284 2513 contra
1306 2470 1337 2509 se

246 2537 310 2615 ipse
331 2548 452 2615 pugnat.
474 2571 516 2585 -
537 2540 610 2597 Nam
627 2539 652 2597 si
669 2539 854 2597 nativitatem
870 2543 925 2599 aori
946 2538 1071 2597 Lamech
1088 2540 1126 2596 ad
1150 2558 1258 2596 annum
1271 2536 1337 2595 tta-

247 2620 560 2701 thusalae167ponis,
576 2623 595 2685 i.
606 2642 629 2683 e.
645 2643 660 2681 e
676 2626 807 2681 numeria
826 2621 1223 2702 septuagintainterpretum,
1236 2621 1338 2678 adan-

245 2726 317 2765 num
327 2708 430 2765 mundi
447 2709 537 2779 1454,
552 2726 667 2765 neccsse
680 2716 733 2779 est,
747 2715 781 2763 ut
795 2707 942 2766 diluvium
954 2708 991 2765 ad
1005 2728 1115 2765 annum
1127 2708 1336 2779 2242rel'eras,

245 2792 291 2849 uti
309 2792 451 2868 Georgius
466 2792 663 2870 Eusebiusque
677 2794 822 2851 fecerunt.
865 2791 992 2849 Iaanrech
1007 2792 1084 2849 enim
1103 2796 1162 2855 188
1177 2812 1270 2849 annos
1284 2811 1337 2847 na·
1368 2824 1371 2829 -

245 2884 294 2932 tus
307 2875 409 2952 genuit
424 2877 524 2951 No'e'n,
545 2878 566 2935 i.
583 2897 607 2934 e.
625 2875 822 2935 annemundi
839 2871 936 2957 (1454
950 2870 982 2943 -Ι-
999 2882 1058 2942 188
1070 2875 1124 2954 .-..-)
1142 2877 1236 2948 16425
1259 2885 1288 2931 et
1302 2873 1335 2932 in

244 2958 323 3017 Nais
354 2980 432 3018 anno
455 2959 664 3019 sexcentesimo
689 2960 838 3020 diluvium
863 2959 989 3039 incepit:
1020 2980 1089 3040 ergo
1116 2959 1149 3020 Α.
1178 2961 1219 3019 Μ.
1242 2959 1334 3024 2242.

244 3042 410 3103 blathusals
436 3053 533 3103 autem
557 3045 718 3103 secundum
737 3044 899 3103 llebraicos
922 3045 1013 3104 libros
1037 3066 1072 3103 ac
1096 3046 1224 3103 Graecos
1245 3052 1335 3121 atque

243 3126 366 3187 latinos
388 3147 531 3187 summam
550 3130 628 3188 inter
641 3131 781 3188 mortales
795 3140 974 3188 serrectutena
994 3138 1183 3207 assequutus,
1206 3137 1235 3185 et
1254 3149 1333 3185 anno

243 3212 323 3271 vitae
349 3219 411 3278 969
430 3222 564 3272 mortuus
585 3223 638 3274 ost.
681 3214 733 3273 lhs
753 3215 839 3272 annis
858 3219 920 3279 969
944 3212 1333 3285 adannumruundi1287,

244 3316 303 3373 quo
313 3297 475 3355 hlathussla
486 3300 620 3357 enrnibus
631 3298 713 3356 libris
727 3300 839 3374 graecis
850 3298 1101 3357 consentientibus
1116 3308 1202 3355 natus
1213 3306 1266 3369 est,
1280 3294 1334 3351 ad·

244 3380 324 3455 ditis,
335 3383 484 3461 colligitur
497 3403 591 3440 annus
600 3383 704 3441 nrundi
714 3385 811 3449 2256:
827 3402 1022 3460 ergonecesae
1032 3385 1117 3455 soret,
1127 3391 1162 3439 ut
1170 3379 1332 3439 blathusala

241 3475 312 3543 post
326 3464 473 3524 diluvium
489 3466 621 3525 vixisset.
663 3468 751 3541 Quod
765 3488 836 3527 vero
852 3487 942 3545 ‹puurn
955 3467 1034 3525 omni
1049 3467 1224 3525 auctoritato
1240 3472 1330 3538 caret,

242 3549 378 3627 accipere
397 3570 457 3607 non
475 3550 555 3607 licet.
577 3550 735 3611 *Locus
756 3553 873 3628 Georgii
897 3572 962 3629 pag.
984 3556 1034 3615 20.
1059 3552 1090 3611 C.
1111 3551 1144 3607 l).
1162 3570 1179 3605 a
1202 3546 1330 3607 librariis

242 3643 404 3710 corruptus
418 3645 478 3691 est:
499 3644 629 3692 attamen
643 3636 738 3711 etiam,
756 3657 832 3714 quae
845 3636 1007 3692 clarissime
1019 3635 1136 3711 Georgii
1148 3632 1236 3689 verba
1249 3641 1329 3709 sunt,

241 3714 322 3773 inter
336 3736 366 3773 ae
385 3736 445 3773 non
465 3719 653 3776 concilianda
669 3741 730 3777 esse
748 3722 899 3779 videntur.
942 3719 1010 3777 Siue
1031 3720 1113 3777 omni
1130 3716 1219 3775 dubio
1238 3676 1330 3775 verbi

241 3800 432 3874 exciderunt,
456 3800 585 3859 eiusdem
600 3803 660 3861 sere
676 3814 795 3878 sensus,
818 3823 876 3881 quo
891 3803 980 3861 verba
992 3822 1057 3881 pag
1085 3802 1152 3865 114.
1177 3802 1211 3863 Α.
1229 3800 1262 3859 Β·
1283 3802 1330 3859 le-

239 3892 367 3959 guntur:
389 3882 473 3946 ‘Odi
486 3880 636 3964 Ευσεβιος
644 3887 712 3965 περι
725 3911 778 3950 του
768 3880 990 3949 'Modouoo'lo
1004 3884 1108 3963 φησὶν,
1129 3879 1264 3987 οτιψπβ
1278 3884 1330 3964 ἔτη

238 3968 377 4047 tortuosa
390 3965 461 4045 μετᾶ
474 3994 506 4031 το
516 3975 660 4049 γεννῆσαι
672 3968 722 4033 τὸν
714 3969 848 4075 Λαιμὲχ,
865 3970 907 4043 oie
918 3992 970 4031 και
958 3967 1016 4031 ἐν
1029 3962 1155 4041 ἒνίοις’
1129 3964 1330 4070 αντιγρᾶφοις

238 4051 335 4125 ἐστὶν,
358 4050 408 4113 nol
424 4052 603 4131 τεθνηκέναι
624 4050 722 4133 ἔτη’
698 4080 717 4126 ς
742 4054 800 4137 πρὸ
814 4079 867 4117 του
857 4058 1100 4132 κατακλυσμοῦ.
1129 4048 1201 4132 ὅπερ
1216 4047 1271 4114 lov
1281 4075 1327 4125 τις

238 4096 351 4217 itaet}
365 4131 540 4199 alverton
553 4162 578 4200 τ.
592 4144 618 4202 λ.
644 4138 917 4199 Harrcsententiaur
931 4158 1000 4217 pag.
1016 4139 1088 4204 114.
1101 4157 1220 4217 quoque
1234 4138 1328 4197 Geor·

305 4282 352 4335 per
364 4267 508 4319 universum
522 4269 607 4321 orbern
620 4274 746 4323 terrarum
764 4286 914 4339 expansa
892 4269 1008 4323 Ecclesia
1020 4268 1168 4323 Christiana
1183 4288 1238 4323 eam
1249 4271 1326 4323 aetatu

305 4343 435 4418 acceptatur
449 4338 542 4399 habet,
560 4356 641 4423 eaque
654 4341 741 4391 utendi
754 4358 845 4392 rnorem
861 4339 970 4407 apostoli
977 4340 1120 4394 salvatoris
1130 4340 1211 4393 nostri
1226 4357 1325 4395 mmor-

302 4420 354 4472 que
367 4405 505 4475 dissipati·
497 4423 548 4461 raus
560 4424 576 4462 a
591 4408 719 4479 principio
731 4408 919 4464 confiderunt?
