3109 4959
237 387 313 467 520
612 398 960 468 EMENDATIONES

238 553 396 619 nobilitate
418 561 448 612 et
468 552 635 615 eruditione
657 554 869 635 spectatissimi
884 556 990 614 fratres
1005 554 1128 615 Puteani
1145 558 1328 638 perhumane
1434 595 1436 597 v

239 649 271 701 et
296 637 448 698 commode
471 648 692 717 suggesseruut:
716 649 746 700 et
767 641 888 700 demum
909 638 948 697 ad
971 637 1151 701 desideratae
1173 646 1329 704 cuiuslibet

240 724 393 784 doctrinae
406 725 626 803 procurandam
644 725 842 784 accessionem
856 723 1004 784 recentius
1024 725 1143 802 quidem
1163 730 1329 808 syncellia-

236 828 293 869 nas
312 808 405 887 pertis
420 810 675 869 memoratasblS.
696 808 831 869 codicem
846 828 884 867 ex
904 808 1045 867 Vaticano
1061 830 1187 872 numero
1203 815 1274 880 154.
1297 823 1329 873 et

236 892 357 952 laudato
369 891 505 952 Palatino
519 901 769 974 transsumptum,
791 893 828 951 ad
845 913 900 953 nos
914 912 1007 971 usque
1023 892 1148 954 diversis
1165 898 1232 956 aliis
1251 919 1328 957 con-

237 977 372 1037 iunctum
395 976 508 1057 publici
528 978 600 1039 boni
626 978 858 1052 amantissimus,
886 979 1039 1057 magisque
1067 979 1153 1039 bonis
1179 983 1327 1059 omnibus,

236 1081 326 1141 quam
341 1060 398 1119 sibi
413 1061 529 1143 optimo
543 1063 657 1138 vivens,
673 1071 726 1121 aut
741 1062 912 1140 dignissimo
927 1062 983 1121 sibi
996 1064 1150 1141 possidens
1166 1066 1329 1145 quidquam

235 1144 498 1225 Eminentissitnus'
515 1146 661 1206 Dominus
682 1147 847 1207 Cardinalis
869 1148 1045 1207 Franciscus
1063 1150 1240 1209 Barberinus
1259 1152 1328 1211 mit·

236 1231 360 1290 tendum
379 1232 506 1290 curavit.
548 1231 595 1290 Ex
615 1230 705 1308 Regio
728 1231 837 1309 igitur,
858 1242 947 1311 prout
967 1230 1137 1313 hucusque,
1159 1256 1226 1314 curn
1248 1238 1328 1295 liar-

235 1314 355 1389 berino,
377 1314 593 1393 Pcrezianoque
608 1316 699 1376 Codri.
713 1316 838 1389 collato,
861 1327 960 1375 nostre
981 1317 1121 1398 deinceps
1141 1320 1255 1395 versio,
1278 1322 1328 1379 vel

236 1398 359 1457 notulae
378 1398 551 1477 procedent.
593 1399 627 1458 lu
649 1400 709 1460 illis
731 1397 881 1482 praesenti
902 1400 1137 1481 Chronologicac
1162 1415 1329 1485 postremas

234 1481 315 1566 parti
329 1481 502 1561 praesagitur
514 1484 639 1543 titulus:

321 1568 470 1648 stupylou
492 1572 547 1629 τοῦ
569 1562 785 1649 atterentes
808 1574 942 1649 μονυχοῦ
962 1569 1014 1631 καί
1027 1569 1195 1651 Συγκὲλλου
1209 1568 1328 1656 γεγονό-

235 1672 287 1724 τος
306 1653 454 1731 Ταρασίου
465 1655 521 1714 τοῦ
538 1649 703 1735 ιίγιωτιίτου
720 1648 966 1732 Ἀρχιεττισκόετου
984 1656 1329 1733 Κωνσταντινουπόλεως

235 1729 388 1811 σύνταξις,
410 1732 479 1814 ἤτοι
492 1740 695 1820 χρονογραφία
707 1738 740 1801 ἓν
753 1734 884 1822 ἕττιτόμῳ
900 1732 960 1800 aiud
976 1743 1031 1815 τῆς
1044 1742 1194 1817 βασιλείας
1204 1738 1327 1805 Ἰουλίου

234 1820 388 1899 Καίσαρος
403 1817 573 1900 Ῥωμαίων,
595 1822 677 1895 ίτους
699 1817 759 1885 sirati
781 1826 904 1896 κτίσεως
921 1817 1035 1903 κόσμου
1050 1820 1144 1905 ,arrd
1168 1825 1252 1908 μίγρι
1274 1832 1330 1905 τῆς

234 1904 386 1984 βασιλείας
405 1909 460 1966 τοῦ
489 1900 608 1987 πρώτου
634 1906 718 1979 ἔτους
744 1912 979 1986 Διοκλητιανοῦ·
1008 1902 1123 1987 κόσμου
1152 1909 1202 1989 ἔτη
1225 1907 1329 1994 ,rurist

235 1986 315 2068 ὅμοῦ
328 1987 378 2068 ἔτη
391 1984 462 2070 τμγ’.
485 1984 648 2071 Πομπήϊος
662 1994 819 2076 πολιορκίᾳ
831 1988 944 2072 λαβών.

317 2072 372 2131 llis
387 2074 501 2133 ultimis
517 2076 615 2135 vorbis
635 2076 668 2135 in
683 2074 806 2137 huiusce
819 2086 908 2137 notae
922 2077 1046 2136 titulum
1058 2078 1218 2160 assumptis
1235 2098 1329 2159 pras-

236 2154 331 2213 mittit
345 2156 474 2233 Scaliger
492 2180 521 2237 p.
536 2162 588 2226 59.

235 2318 255 2383 ε
317 2237 475 2340 Ἀἰγύπτου
507 2242 558 2302 κοιλ
590 2237 811 2327 Ἀλεξανδρείας
844 2239 1105 2327 ἔβασίλενσενθλ
1134 2240 1328 2329 Ἀλέξανδρος

251 2343 320 2401 τρι

328 2364 336 2381 ·
351 2400 476 2487 ίγείπτου
489 2404 540 2468 καὶ
551 2400 770 2492 Ἀλεξανδρείας
782 2409 970 2489 ἐβασίλευσεν
984 2407 1014 2474 ι’.
1036 2416 1223 2493 Πτολεμαῖος
1236 2418 1328 2475 Κλεο-

270 2482 279 2507 Ι

233 2512 349 2572 πατρας
365 2487 433 2565 υίιίς
449 2494 500 2571 ἔτη
516 2486 554 2571 η’.

316 2570 473 2659 Αἰγύπτου
496 2576 546 2639 καλ
577 2571 796 2659 Ἀλεξανδρείας
817 2575 1007 2657 ἐβασίλευσεν
1030 2573 1078 2639 ια’.
1107 2582 1292 2659 Πτολεμαῖος
1312 2577 1330 2643 ὅ

231 2653 396 2733 Διονύσιος
410 2659 460 2740 ίτη
476 2656 509 2722 λ’.

314 2744 394 2804 llaec
409 2755 492 2805 extra
508 2746 605 2804 sedem
621 2744 716 2824 posita
731 2766 788 2805 nec
801 2746 866 2824 ipse
883 2745 1014 2822 Scaliger
1035 2746 1237 2808 inficiabitur:
1259 2749 1328 2807 Eu-

232 2828 312 2887 sebio
331 2831 497 2889 consentire
510 2831 665 2909 probabit,
687 2831 738 2910 qui
762 2832 871 2889 eisdcrn
892 2832 1012 2891 Eusebii
1034 2832 1146 2911 scripta
1167 2854 1329 2913 compara-

232 2912 326 2971 verit:
349 2914 429 2991 quod
444 2914 618 2973 sententiam
630 2916 667 2972 ad
682 2936 748 2993 pag.
765 2920 836 2981 290.
853 2925 938 2974 notas
950 2916 1082 2995 positam
1096 2937 1134 2976 ex
1146 2928 1234 2998 parte
1251 2940 1327 2978 con-

232 2995 368 3073 firment,
390 2998 558 3056 nullatenus
575 2999 704 3058 arbitror
719 3000 915 3076 repudianda.

316 3080 498 3162 Βρεττανοιίς
508 3082 658 3162 Ῥωμαίοις
672 3082 824 3156 ιίιτοτελεῖς
844 3078 1052 3163 καταστήσας]
1081 3085 1213 3145 Stellulis
1234 3087 1326 3147 lacu-

232 3184 338 3225 narum
353 3169 431 3226 notis
445 3177 474 3227 et
488 3168 603 3245 aliquid
616 3168 776 3228 desiderari
793 3171 1015 3245 suggerentibus
1030 3170 1205 3229 continuum
1226 3181 1257 3231 et
1270 3173 1327 3230 in-

180 3245 184 3251 ’
231 3258 347 3326 tegrum
370 3252 513 3311 sermonis
532 3254 615 3311 iilum
640 3252 792 3331 abrumpit
815 3254 962 3332 Scaliger:
984 3262 1016 3312 et
1036 3254 1213 3335 sibimetipsi
1234 3255 1327 3332 magis

233 3353 321 3413 quam
338 3336 462 3412 Georgio
477 3339 609 3397 delectus
628 3347 728 3397 notam
746 3339 851 3403 inurit.

317 3418 383 3495 Peg.
405 3425 477 3485 303.
500 3415 677 3503 Κλεοπάτρα
692 3422 742 3502 ἔτη
758 3418 829 3501 nd]
851 3422 1057 3499 bethericum,
1077 3422 1279 3494 Pereaianum,
1295 3430 1328 3480 et

230 3498 279 3559 bis
300 3500 388 3559 etiam
406 3503 531 3563 testibus
551 3507 734 3582 Palatinum,
757 3507 795 3565 ad
815 3508 897 3586 quod
918 3507 1037 3565 collatio
1060 3506 1139 3563 facta
1157 3512 1217 3577 est,
1238 3504 1326 3564 antiis

232 3585 412 3664 Cleopatrae¹
424 3587 472 3651 25.
496 3590 678 3665 assignandis
702 3592 845 3649 concordi
864 3590 1036 3649 charactere
1050 3588 1238 3666 conspirant:
1261 3590 1326 3647 lle-

229 3670 312 3747 gium
329 3677 466 3729 nostrum
480 3677 529 3735 22,
540 3674 651 3750 putatis
666 3684 840 3733 contentum
853 3683 913 3732 cst:
935 3682 1045 3731 cuncta
1060 3672 1144 3745 regni
1154 3672 1217 3731 eius
1230 3692 1325 3733 exor-

231 3754 281 3813 dia
300 3754 416 3831 vulgari
436 3755 540 3811 :nundi
565 3776 642 3815 aritio
659 3760 750 3823 5446.
766 3757 963 3816 devincienda
978 3764 1136 3814 testantur.
1176 3756 1324 3817 Numerus

230 3848 358 3917 uterque
371 3838 453 3917 apud
472 3838 630 3915 Georgium
643 3842 789 3916 incertus,
811 3850 841 3899 et
858 3840 893 3897 ab
909 3859 943 3898 co
963 3849 1125 3898 secummet
1142 3842 1231 3901 variis
1245 3843 1323 3902 locis

231 3924 414 3983 colluctante
429 3922 571 3982 asseritur
583 3931 716 4000 uterque.
759 3924 895 4002 Inspice,
916 3922 1019 3992 sodes,
1040 3944 1106 4004 pag.
1123 3930 1194 3993 261.
1205 3927 1239 3986 Α.
1252 3948 1324 3988 ver-

230 4009 283 4069 bs:
306 4003 368 4072 aiud
394 4003 528 4090 ἑβδόμου
554 4006 638 4079 ἔτους
656 4002 866 4088 Ἀλεξάνδρου,
889 4006 944 4080 ἕως
966 4002 1023 4087 nli.
1058 4006 1252 4093 Κλεοπάτρας
1272 4011 1324 4090 ἔτη

229 4088 389 4172 τριακόσια.
419 4095 523 4154 Annus
534 4090 696 4150 Alexandri
709 4091 854 4170 septimus
868 4090 894 4149 is
909 4101 963 4168 est,
986 4112 1045 4172 quo
1060 4094 1185 4156 decessit
1200 4117 1216 4154 e
1232 4096 1322 4163 vivis,

227 4188 318 4255 prout
335 4179 435 4237 cadom
457 4198 522 4257 pag.
547 4176 682 4236 decernit
696 4179 727 4233 C.
743 4176 845 4235 :nundi
862 4176 952 4242 5170.
975 4198 992 4234 a
1013 4198 1072 4256 quo
1095 4180 1323 4244 tercentesimus

230 4270 273 4319 est
285 4263 389 4322 nrundi
405 4264 497 4329 5470.
513 4280 601 4340 quem
615 4280 763 4340 nusquam
780 4261 935 4341 Cleopatra
949 4262 985 4320 ab
1001 4284 1078 4323 anno
1093 4265 1186 4330 5446.
1199 4281 1323 4340 regnum

229 4346 382 4425 auspicata
406 4347 519 4429 poterit
549 4346 715 4429 attingere,
737 4344 796 4407 nisi
813 4366 939 4428 regnans
961 4368 1054 4409 anuos
1080 4350 1131 4416 25.
1151 4346 1324 4408 emetiatur:
