3109 4959
247 388 295 461 10
619 398 660 467 G.
683 399 726 466 G.
747 386 953 469 Bussuovn

245 553 327 647 ‘apen'
347 564 443 617 mutas
467 574 503 617 ae
518 556 699 638 mensponis.
741 558 868 617 Textum
890 579 962 619 vero
979 571 1116 638 graecum
1136 560 1332 639 deprevatum

245 664 321 723 esse,
344 642 505 702 clarissime
519 642 607 703 docet
619 644 715 704 versio
735 644 829 705 letina
843 645 1018 725 Hieronymi
1026 690 1036 723 ,
1057 647 1090 704 in
1104 664 1162 725 qne
1176 646 1263 724 louge
1279 646 1331 704 di-

243 747 328 789 verso
347 727 487 805 leguntur
498 746 529 807 p.
545 728 621 793 158:
1009 747 1013 750 ·

284 812 524 891 „computantur
536 812 569 870 in
580 822 764 893 praesentem
775 834 903 893 annum,
924 814 957 875 id
971 824 1015 875 est
1032 814 1171 895 quintum
1184 814 1331 873 decimum

325 897 436 955 'tiberii
450 896 579 957 Caesaris

283 981 312 1042 A
330 983 461 1041 secundo
483 1002 560 1041 enno
579 981 804 1043 instaurationis
817 984 948 1066 Templi,
972 1004 1048 1065 quae
1066 984 1143 1044 facta
1158 984 1269 1043 estsub
1286 982 1333 1042 al-

324 1076 389 1131 tero
406 1087 484 1127 enno
499 1066 579 1125 llerii
592 1068 669 1146 regis
684 1070 839 1129 Persarum
870 1115 878 1130 .
920 1114 929 1130 .
972 1116 980 1129 .
1024 1092 1046 1128 .’
1074 1085 1099 1130 .·
1124 1114 1133 1131 .
1154 1069 1225 1130 enni
1240 1070 1312 1136 548.

283 1152 483 1213 ASelomone
499 1161 597 1213 eutem
613 1163 641 1213 et
658 1154 862 1214 aedificatione
876 1156 993 1235 Templi
1025 1198 1034 1215 .
1077 1198 1085 1213 .
1127 1177 1138 1215 .·
1177 1160 1313 1221 ει.1060.

282 1238 425 1316 Alloyse
440 1248 469 1297 et
483 1256 599 1317 egressu
617 1238 732 1301 lsraelis
746 1260 785 1299 ex
796 1240 931 1320 Aegypto
976 1285 983 1300 .
1027 1285 1035 1300 .
1079 1284 1086 1301 .
1129 1285 1137 1301 .
1180 1260 1205 1301 a.
1222 1243 1312 1305 1538·

283 1321 490 1383 thabraham
506 1332 537 1383 et
555 1325 654 1403 Regno
669 1326 740 1384 Nini
755 1336 785 1387 et
799 1325 998 1386 Semiramidis
1026 1370 1034 1385 .
1077 1367 1085 1384 .
1118 1360 1136 1386 >.
1178 1346 1205 1384 a.
1221 1325 1313 1391 2044·

282 1405 309 1465 A
323 1406 444 1467 Diluvio
455 1409 599 1486 usquead
613 1407 761 1470 Abraham
818 1454 1133 1473 .......
1198 1431 1223 1472 a.
1241 1411 1313 1475 942.

282 1490 328 1549 Ab
343 1492 436 1549 Adam
453 1492 597 1571 usquead
614 1493 766 1554 Diluvium
823 1542 831 1557 .
873 1542 882 1557 .
925 1541 933 1557 .
976 1539 998 1562 .,
1026 1540 1035 1559 .
1079 1540 1086 1554 ·
1130 1541 1137 1555 .
1179 1516 1205 1554 ε.
1219 1494 1335 1561 2242?

241 1574 350 1643 Tribus
358 1577 472 1652 ultimis
485 1578 616 1639 numeris
625 1580 805 1661 computatis
816 1581 953 1643 redditur
964 1601 1077 1640 summe
1085 1600 1230 1639 annorum
1242 1581 1335 1653 5228,

242 1680 318 1741 quse
335 1682 404 1721 cum
417 1680 550 1739 numero,
573 1683 659 1743 quem
673 1685 706 1726 re
719 1686 792 1725 vera
807 1667 928 1729 Eusehii
941 1685 1002 1726 esse
1015 1664 1143 1746 probisse
1155 1665 1335 1738 studuimus,

241 1756 358 1827 praeter
380 1767 475 1808 uuum
501 1770 611 1808 snnnm
630 1752 781 1813 convenit.
830 1752 926 1830 Igitur
949 1771 1135 1831 nequaquam
1159 1750 1335 1826 dubitarem,

243 1832 280 1890 ad
299 1832 527 1909 Chronologism
540 1834 659 1890 Eusebii
674 1836 830 1912 probatem
845 1838 957 1912 Graeca
971 1837 1127 1896 restituero
1138 1833 1179 1914 2).

326 1916 439 1975 l'luries
449 1918 506 1975 iam
522 1915 795 1996 Chronographi'e'm
807 1920 933 1998 Georgii
941 1921 1072 1997 Synoella'
1087 1920 1252 1977 citavimus.
1277 1916 1336 1975 Hic

242 2000 321 2061 enim
345 2002 406 2060 lere
428 2002 537 2060 unicus
562 2002 637 2062 liber
657 2011 717 2076 est,
739 2023 755 2061 e
776 2024 840 2082 quo>
858 2003 1088 2083 chronologiam
1109 2003 1177 2061 lulii
1200 2002 1347 2062 Africani.

241 2086 364 2147 haurire
386 2106 563 2167 pessumum
585 2097 614 2147 et
626 2086 768 2167 Iosephus
785 2089 915 2165 Scaliger
927 2090 1057 2169 priorem
1070 2087 1181 2146 librum
1194 2087 1338 2147 Chronici

242 2172 399 2232 Eusebiani
419 2170 581 2230 meximeo
606 2172 796 2249 fragmentis,
817 2194 834 2232 a
859 2174 985 2253 Georgio
1007 2175 1147 2248 servatis,
1171 2173 1337 2252 conterruit.

242 2253 295 2316 Est
315 2256 406 2333 igitur
425 2274 614 2333 nequaquem
634 2256 722 2333 parvi
739 2258 954 2317 aestimandus:
977 2278 1045 2316 nom
1062 2267 1180 2335 praeter
1198 2258 1338 2317 Chrono-

241 2341 337 2420 logica
352 2340 485 2401 Africani
495 2348 582 2418 atque
597 2338 819 2399 Ensebiimulte
834 2342 1055 2420 deperditorum
1064 2342 1245 2418 scriptorum
1260 2345 1337 2417 frog·
1383 2409 1384 2412 Ἴ

242 2434 343 2487 menta
362 2425 395 2485 in
418 2444 452 2485 eo
470 2424 626 2502 legunturss
648 2434 678 2484 et
700 2424 864 2483 dolendum
886 2435 947 2499 est,
966 2444 1007 2483 ne
1023 2423 1113 2482 huius
1129 2424 1251 2501 quidem
1265 2424 1337 2484 libri

243 2510 377 2587 codices,
400 2530 578 2590 quemquem
602 2510 654 2569 vix
670 2518 738 2568 ente
751 2509 835 2570 mille
848 2531 941 2571 annos
956 2508 1085 2589 scriptus
1102 2509 1142 2567 sit
1153 2508 1248 2589 (circa
1265 2529 1334 2572 ann.

242 2600 316 2677 800)
324 2642 334 2675 ,
353 2596 492 2675 integros,
513 2595 576 2655 sine
589 2594 704 2654 lacunis
716 2602 745 2653 et
760 2595 1021 2675 depravationibus
1035 2593 1074 2653 sd
1088 2597 1335 2675 uos‘pervenisse.

241 2681 318 2743 Nem
336 2680 390 2742 etsi
411 2682 556 2759 Scaliger,
579 2680 656 2741 levia
677 2680 820 2758 quaedem
844 2680 968 2741 dicteria
984 2679 1104 2758 Georgii
1122 2679 1155 2738 in
1178 2680 1337 2739 Eusebium

242 2772 330 2827 suum
349 2766 468 2844 gravius
483 2766 595 2840 serens,
626 2762 892 2825 vehementissimis
915 2765 1113 2826 coutumeliis·
1125 2764 1159 2824 in
1178 2765 1338 2843 Georgium

239 2848 372 2923 invehit,
392 2851 503 2919 levem,
527 2850 751 2919 stultissimum,
776 2850 918 2928 delirum,
940 2850 1064 2928 indigna
1091 2849 1177 2909 dictu
1196 2852 1339 2932 pleraque

241 2934 440 3011 evomentem,
461 2934 619 2993 latrantem
639 2952 741 2992 canem
753 2934 939 3011 vociferans,
961 2944 1128 3013 cunctaque
1155 2954 1192 2993 ex
1210 2935 1339 2995 Eusebio

241 3020 278 3081 sb
296 3038 337 3081 ‘eo
355 3020 532 3101 deprompta
552 3038 615 3079 esse
635 3037 796 3079 acousouss
817 3029 918 3081 tamen
940 3040 1047 3099 magna
1065 3039 1104 3079 ex
1122 3029 1208 3100 perte
1222 3021 1339 3082 eosdem

258 3210 260 3213 ·
274 3186 308 3255 2)
326 3190 363 3241 sc
377 3204 410 3240 ne
420 3185 504 3240 lector
516 3189 604 3256 putet,
621 3144 667 3239 nos
682 3186 709 3240 in
727 3184 835 3255 gratiam
848 3186 931 3239 nostri
943 3188 1040 3241 numeri
1054 3186 1121 3241 tales
1139 3186 1338 3257 depravationes

311 3272 471 3309 numerorum
495 3256 610 3325 fingere,
635 3256 753 3309 conferet
776 3256 881 3309 'I'ironis
909 3256 1034 3325 Prosperi
1057 3256 1204 3310 Chronioon
1226 3274 1253 3325 p.
1272 3254 1336 3311 sete

310 3326 520 3393 „Computentbr
533 3328 623 3393 itaque
636 3325 662 3391 in
678 3342 769 3379 sunum
785 3323 908 3379 decimum
919 3325 1036 3396 quintum
1050 3325 1153 3379 'liberii
1165 3324 1285 3379 Caesaris
1304 3323 1338 3375 ab

227 3524 230 3531 ,
311 3394 948 3535 ²l⁰s1llv⁰l¹tlttlllz⁸lt²¹psmssu
961 3432 1081 3519 um
1130 3432 1141 3519 :
1200 3412 1226 3515 t:
1242 3389 1320 3524 hl:

322 3529 378 3584 ¹eb
389 3528 471 3581 suam
484 3546 546 3583 vero
564 3548 644 3612 usque
658 3531 691 3585 sd
704 3531 834 3583 Diluvium
902 3570 910 3585 .
979 3572 987 3585 .
1055 3573 1063 3588 .
1131 3569 1139 3585 .
1173 3529 1231 3583 esni
1241 3523 1338 3582 2242!

686 3633 729 3685 Ex
741 3633 781 3685 his
795 3634 904 3687 numeris
916 3634 1027 3705 quisque
1038 3630 1136 3699 colligit
1149 3644 1227 3681 annos
1239 3627 1321 3684 5231.

312 3700 463 3768 Sequuntur
475 3702 560 3753 sutem
574 3700 638 3753 haee
649 3702 745 3753 verbra
754 3702 847 3765 „Sum
862 3721 924 3771 ergo
944 3721 1029 3755 onnes
1043 3701 1101 3754 aursi
1118 3698 1151 3751 ab
1165 3696 1245 3748 Adam
1256 3710 1339 3764 usque

312 3769 341 3821 in
353 3772 444 3821 annum
459 3770 491 3824 15
504 3769 607 3822 Tiberii
621 3770 741 3823 Caesaris
754 3771 814 3823 enni
828 3774 898 3827 5360
911 3782 957 3825 snt
967 3775 1044 3827 5228.
1078 3765 1144 3821 Anni
1164 3781 1227 3816 vero
1245 3781 1339 3822 secun·

312 3836 371 3890 dutn
384 3838 516 3889 Geneseos
529 3838 681 3907 scripturam
696 3846 723 3893 et
735 3841 851 3893 Africani
867 3840 990 3893 Historici
1008 3833 1217 3906 supputationem·
1231 3832 1339 3902 amplius

311 3906 474 3959 inveniuntur
486 3905 562 3961 1293’
579 3934 615 3946 -
637 3908 707 3961 Eone
724 3926 834 3979 pugnam
848 3924 1005 3961 assuetorum
1016 3934 1050 3945 -
1062 3922 1093 3957 ex
1107 3902 1208 3955 incuria
1219 3902 1339 3955 librario-

310 3972 382 4028 rum!
406 3974 544 4029 Eusebium
557 3976 622 4029 enim
651 3984 696 4029 aut
707 3978 793 4046 potius
805 3978 946 4029 versionem
962 3974 1066 4027 latinam
1077 3972 1241 4041 lheronysni)
1252 3970 1339 4050 sequi:

312 4046 355 4095 tur
371 4044 437 4096 Tiro
450 4042 577 4113 Prosper,
593 4045 632 4097 uti
645 4062 703 4115 ipse
718 4047 815 4097 letetur
827 4046 914 4109 eadem
933 4045 983 4095 heo
1001 4043 1113 4111 pegiss3
1130 4047 1158 4093 et
1177 4040 1338 4092 antecedenti

312 4126 375 4229 fteg-
395 4114 456 4169 28³·
474 4130 592 4165 summam
613 4129 734 4167 annorum
742 4115 812 4169 2015
827 4114 860 4164 sb
879 4114 982 4164 Abrshs
1001 4112 1036 4164 ad
1052 4110 1183 4165 Christum
1203 4108 1340 4161 secusidum

338 4180 420 4233 usebii
434 4181 629 4250 chronologiam
648 4187 778 4251 posuerat.
818 4180 925 4241 scribes
945 4198 1008 4250 ergo
1028 4197 1125 4232 meeum
1146 4177 1233 4238 2044,
1251 4176 1339 4226 dele„

312 4261 440 4302 numerum
453 4251 523 4307 5³60
536 4256 582 4305 eut
600 4267 712 4304 errorem
730 4248 821 4301 oelauli
835 4256 881 4301 sut
897 4257 984 4302 notam
1001 4249 1161 4319 glossatoris.
1193 4244 1260 4300 5228
1278 4257 1341 4293 ver&

311 4330 406 4368 summa
420 4323 477 4383 est,
494 4320 518 4372 si
528 4315 599 4376 2044
607 4318 737 4373 rescribis.
771 4317 915 4371 Secundum
927 4319 1042 4372 Africani
1054 4336 1117 4373 vero
1136 4310 1339 4385 supputationem

312 4382 421 4453 emplius
432 4385 596 4444 inveniuntur
610 4406 661 4449 nou
676 4385 806 4452 CXXIX,
822 4385 870 4441 sed
884 4388 1039 4443 CCLXXII.
