<?xml version="1.0" encoding="UTF-8"?>
<!DOCTYPE html PUBLIC "-//W3C//DTD XHTML 1.0 Transitional//EN"
    "http://www.w3.org/TR/xhtml1/DTD/xhtml1-transitional.dtd">
<html xmlns="http://www.w3.org/1999/xhtml" xml:lang="en" lang="en">
 <head>
  <title>
</title>
<meta http-equiv="Content-Type" content="text/html;charset=utf-8" />
  <meta name='ocr-system' content='tesseract 3.04.00' />
  <meta name='ocr-capabilities' content='ocr_page ocr_carea ocr_par ocr_line ocrx_word'/>
</head>
<body>
  <div class='ocr_page' id='page_1' title='image "./corpusscriptoru33theogoog_0454.png"; bbox 0 0 3109 4959; ppageno 0'>
   <div class='ocr_carea' id='block_1_1' title="bbox 261 439 963 533">
    <p class='ocr_par' dir='ltr' id='par_1_1' title="bbox 261 439 963 533">
     <span class='ocr_line' id='line_1_1' title="bbox 261 439 963 533; baseline 0.007 -21"><span class='ocrx_word' id='word_1_1' title='bbox 261 439 336 518; x_wconf 77' lang='lat' dir='ltr'><strong>ns</strong></span> <span class='ocrx_word' id='word_1_2' title='bbox 404 529 405 533; x_wconf 8' lang='lat' dir='ltr'><strong>g</strong></span> <span class='ocrx_word' id='word_1_3' title='bbox 618 443 963 517; x_wconf 76' lang='lat' dir='ltr'><strong>smnosrronss</strong></span> 
     </span>
    </p>
   </div>
   <div class='ocr_carea' id='block_1_2' title="bbox 168 595 1352 4480">
    <p class='ocr_par' dir='ltr' id='par_1_2' title="bbox 261 595 1352 753">
     <span class='ocr_line' id='line_1_2' title="bbox 345 595 1352 688; baseline -0.014 -21"><span class='ocrx_word' id='word_1_4' title='bbox 345 599 570 688; x_wconf 67' lang='lat' dir='ltr'><strong>Messi&#39;ttyoyov</strong></span> <span class='ocrx_word' id='word_1_5' title='bbox 587 601 646 683; x_wconf 75' lang='grc' dir='ltr'><strong>ἔφη</strong></span> <span class='ocrx_word' id='word_1_6' title='bbox 662 599 804 684; x_wconf 71' lang='grc' dir='ltr'><strong>γενέσθαι</strong></span> <span class='ocrx_word' id='word_1_7' title='bbox 822 595 964 681; x_wconf 63' lang='lat' dir='ltr'><strong>Monte]</strong></span> <span class='ocrx_word' id='word_1_8' title='bbox 987 599 1042 660; x_wconf 82' lang='lat' dir='ltr'><strong>eut</strong></span> <span class='ocrx_word' id='word_1_9' title='bbox 1061 605 1235 666; x_wconf 75' lang='lat' dir='ltr'><strong>seutentiam</strong></span> <span class='ocrx_word' id='word_1_10' title='bbox 1252 624 1352 686; x_wconf 75' lang='lat' dir='ltr'><strong>appo.</strong></span> 
     </span>
     <span class='ocr_line' id='line_1_3' title="bbox 261 687 1109 753; baseline -0.006 -4"><span class='ocrx_word' id='word_1_11' title='bbox 261 690 349 753; x_wconf 83' lang='lat' dir='ltr'><strong>sitam</strong></span> <span class='ocrx_word' id='word_1_12' title='bbox 365 690 496 748; x_wconf 86' lang='lat' dir='ltr'><strong>Clemens</strong></span> <span class='ocrx_word' id='word_1_13' title='bbox 509 688 725 748; x_wconf 75' lang='lat' dir='ltr'><strong>Alexandrinus</strong></span> <span class='ocrx_word' id='word_1_14' title='bbox 740 696 842 746; x_wconf 89' lang='lat' dir='ltr'><strong>tuetur</strong></span> <span class='ocrx_word' id='word_1_15' title='bbox 859 687 936 745; x_wconf 87' lang='lat' dir='ltr'><strong>libro</strong></span> <span class='ocrx_word' id='word_1_16' title='bbox 951 695 979 750; x_wconf 90' lang='lat'><strong>1.</strong></span> <span class='ocrx_word' id='word_1_17' title='bbox 999 688 1109 750; x_wconf 85' lang='lat' dir='ltr'><strong>Strom.</strong></span> 
     </span>
    </p>

    <p class='ocr_par' dir='ltr' id='par_1_3' title="bbox 257 766 1352 1777">
     <span class='ocr_line' id='line_1_4' title="bbox 343 766 1352 852; baseline -0.003 -18"><span class='ocrx_word' id='word_1_18' title='bbox 343 775 410 852; x_wconf 79' lang='lat' dir='ltr'><strong>Peg.</strong></span> <span class='ocrx_word' id='word_1_19' title='bbox 433 777 503 842; x_wconf 73' lang='lat'><strong>128.</strong></span> <span class='ocrx_word' id='word_1_20' title='bbox 524 767 676 852; x_wconf 78' lang='grc' dir='ltr'><strong>Ἀσχάλιος</strong></span> <span class='ocrx_word' id='word_1_21' title='bbox 688 771 739 850; x_wconf 69' lang='grc' dir='ltr'><strong>ἔτη</strong></span> <span class='ocrx_word' id='word_1_22' title='bbox 756 766 826 851; x_wconf 65' lang='grc' dir='ltr'><strong>κβ]</strong></span> <span class='ocrx_word' id='word_1_23' title='bbox 847 768 1014 852; x_wconf 78' lang='grc' dir='ltr'><strong><em>Βασχάλιον</em></strong></span> <span class='ocrx_word' id='word_1_24' title='bbox 1027 771 1130 831; x_wconf 88' lang='lat' dir='ltr'><strong>scribit</strong></span> <span class='ocrx_word' id='word_1_25' title='bbox 1145 771 1273 831; x_wconf 82' lang='lat' dir='ltr'><strong>iuferius</strong></span> <span class='ocrx_word' id='word_1_26' title='bbox 1284 770 1352 831; x_wconf 76' lang='lat' dir='ltr'><strong>du-</strong></span> 
     </span>
     <span class='ocr_line' id='line_1_5' title="bbox 261 854 1352 938; baseline -0.004 -19"><span class='ocrx_word' id='word_1_27' title='bbox 261 857 347 934; x_wconf 86' lang='lat' dir='ltr'><strong>tbor,</strong></span> <span class='ocrx_word' id='word_1_28' title='bbox 368 878 456 938; x_wconf 87' lang='lat' dir='ltr'><strong>quem</strong></span> <span class='ocrx_word' id='word_1_29' title='bbox 469 857 614 918; x_wconf 83' lang='lat' dir='ltr'><strong>Eusebius</strong></span> <span class='ocrx_word' id='word_1_30' title='bbox 628 857 667 916; x_wconf 87' lang='lat' dir='ltr'><strong>ad</strong></span> <span class='ocrx_word' id='word_1_31' title='bbox 683 875 796 914; x_wconf 77' lang='lat' dir='ltr'><strong>anuum</strong></span> <span class='ocrx_word' id='word_1_32' title='bbox 810 854 942 914; x_wconf 77' lang='lat' dir='ltr'><strong>Abrabae</strong></span> <span class='ocrx_word' id='word_1_33' title='bbox 956 858 1028 920; x_wconf 79' lang='lat'><strong>278.</strong></span> <span class='ocrx_word' id='word_1_34' title='bbox 1050 855 1246 917; x_wconf 75' lang='lat' dir='ltr'><strong>Machaleum.</strong></span> <span class='ocrx_word' id='word_1_35' title='bbox 1267 857 1352 916; x_wconf 86' lang='lat' dir='ltr'><strong>Duo-</strong></span> 
     </span>
     <span class='ocr_line' id='line_1_6' title="bbox 259 938 1351 1023; baseline -0.004 -19"><span class='ocrx_word' id='word_1_36' title='bbox 259 962 327 1005; x_wconf 86' lang='lat' dir='ltr'><strong>rum</strong></span> <span class='ocrx_word' id='word_1_37' title='bbox 347 963 439 1023; x_wconf 89' lang='lat' dir='ltr'><strong>porro</strong></span> <span class='ocrx_word' id='word_1_38' title='bbox 461 961 564 1020; x_wconf 79' lang='lat' dir='ltr'><strong>regum</strong></span> <span class='ocrx_word' id='word_1_39' title='bbox 585 941 711 1001; x_wconf 87' lang='lat' dir='ltr'><strong>istorum</strong></span> <span class='ocrx_word' id='word_1_40' title='bbox 736 948 846 999; x_wconf 81' lang='lat' dir='ltr'><strong>aetates</strong></span> <span class='ocrx_word' id='word_1_41' title='bbox 872 961 910 999; x_wconf 86' lang='lat' dir='ltr'><strong>an</strong></span> <span class='ocrx_word' id='word_1_42' title='bbox 930 938 1036 998; x_wconf 88' lang='lat' dir='ltr'><strong>muudi</strong></span> <span class='ocrx_word' id='word_1_43' title='bbox 1063 941 1238 1018; x_wconf 70' lang='lat' dir='ltr'><strong>vulgaribus</strong></span> <span class='ocrx_word' id='word_1_44' title='bbox 1265 940 1351 1000; x_wconf 86' lang='lat' dir='ltr'><strong>amris</strong></span> 
     </span>
     <span class='ocr_line' id='line_1_7' title="bbox 259 1023 1351 1101; baseline -0.003 -14"><span class='ocrx_word' id='word_1_45' title='bbox 259 1027 427 1088; x_wconf 79' lang='lat' dir='ltr'><strong>reddendas</strong></span> <span class='ocrx_word' id='word_1_46' title='bbox 447 1025 626 1101; x_wconf 88' lang='lat' dir='ltr'><strong>concordes,</strong></span> <span class='ocrx_word' id='word_1_47' title='bbox 649 1045 687 1084; x_wconf 89' lang='lat' dir='ltr'><strong>an</strong></span> <span class='ocrx_word' id='word_1_48' title='bbox 710 1023 814 1083; x_wconf 87' lang='lat' dir='ltr'><strong>mundi</strong></span> <span class='ocrx_word' id='word_1_49' title='bbox 837 1044 931 1084; x_wconf 83' lang='lat' dir='ltr'><strong>annos</strong></span> <span class='ocrx_word' id='word_1_50' title='bbox 952 1042 1057 1101; x_wconf 82' lang='lat' dir='ltr'><strong>regum</strong></span> <span class='ocrx_word' id='word_1_51' title='bbox 1071 1026 1215 1087; x_wconf 75' lang='lat' dir='ltr'><strong>aetatibus</strong></span> <span class='ocrx_word' id='word_1_52' title='bbox 1230 1045 1351 1084; x_wconf 77' lang='lat' dir='ltr'><strong>accom-</strong></span> 
     </span>
     <span class='ocr_line' id='line_1_8' title="bbox 258 1108 1349 1188; baseline -0.003 -16"><span class='ocrx_word' id='word_1_53' title='bbox 258 1111 424 1172; x_wconf 77' lang='lat' dir='ltr'><strong>modandos</strong></span> <span class='ocrx_word' id='word_1_54' title='bbox 440 1110 597 1171; x_wconf 88' lang='lat' dir='ltr'><strong>immutare</strong></span> <span class='ocrx_word' id='word_1_55' title='bbox 618 1118 648 1170; x_wconf 86' lang='lat' dir='ltr'><strong>et</strong></span> <span class='ocrx_word' id='word_1_56' title='bbox 660 1111 841 1188; x_wconf 82' lang='lat' dir='ltr'><strong>interpolare</strong></span> <span class='ocrx_word' id='word_1_57' title='bbox 857 1108 1035 1185; x_wconf 85' lang='lat' dir='ltr'><strong>debeamus,</strong></span> <span class='ocrx_word' id='word_1_58' title='bbox 1057 1109 1133 1168; x_wconf 88' lang='lat' dir='ltr'><strong>mibi</strong></span> <span class='ocrx_word' id='word_1_59' title='bbox 1149 1131 1212 1169; x_wconf 89' lang='lat' dir='ltr'><strong>non</strong></span> <span class='ocrx_word' id='word_1_60' title='bbox 1227 1111 1349 1169; x_wconf 86' lang='lat' dir='ltr'><strong>omniuo</strong></span> 
     </span>
     <span class='ocr_line' id='line_1_9' title="bbox 258 1191 1351 1276; baseline -0.002 -20"><span class='ocrx_word' id='word_1_61' title='bbox 258 1206 383 1259; x_wconf 84' lang='lat' dir='ltr'><strong>certum.</strong></span> <span class='ocrx_word' id='word_1_62' title='bbox 425 1193 576 1255; x_wconf 81' lang='lat' dir='ltr'><strong>Mscbsleo</strong></span> <span class='ocrx_word' id='word_1_63' title='bbox 599 1203 681 1254; x_wconf 82' lang='lat' dir='ltr'><strong>certe</strong></span> <span class='ocrx_word' id='word_1_64' title='bbox 699 1213 794 1252; x_wconf 88' lang='lat' dir='ltr'><strong>annos</strong></span> <span class='ocrx_word' id='word_1_65' title='bbox 813 1191 955 1270; x_wconf 87' lang='lat' dir='ltr'><strong>triginta,</strong></span> <span class='ocrx_word' id='word_1_66' title='bbox 980 1203 1011 1251; x_wconf 92' lang='lat' dir='ltr'><strong>et</strong></span> <span class='ocrx_word' id='word_1_67' title='bbox 1030 1196 1194 1255; x_wconf 70' lang='lat' dir='ltr'><strong>successori</strong></span> <span class='ocrx_word' id='word_1_68' title='bbox 1213 1193 1351 1276; x_wconf 78' lang='lat' dir='ltr'><strong>lpbereo‚</strong></span> 
     </span>
     <span class='ocr_line' id='line_1_10' title="bbox 258 1275 1350 1360; baseline 0.001 -21"><span class='ocrx_word' id='word_1_69' title='bbox 258 1299 349 1360; x_wconf 83' lang='lat' dir='ltr'><strong>quem</strong></span> <span class='ocrx_word' id='word_1_70' title='bbox 363 1288 451 1341; x_wconf 83' lang='lat' dir='ltr'><strong>voest</strong></span> <span class='ocrx_word' id='word_1_71' title='bbox 468 1277 586 1340; x_wconf 77' lang='lat' dir='ltr'><strong>Author</strong></span> <span class='ocrx_word' id='word_1_72' title='bbox 601 1278 781 1359; x_wconf 85' lang='lat' dir='ltr'><strong>Sphaetum,</strong></span> <span class='ocrx_word' id='word_1_73' title='bbox 804 1277 943 1342; x_wconf 81' lang='lat' dir='ltr'><strong>solos20.</strong></span> <span class='ocrx_word' id='word_1_74' title='bbox 959 1275 1065 1336; x_wconf 82' lang='lat' dir='ltr'><strong>tribuit</strong></span> <span class='ocrx_word' id='word_1_75' title='bbox 1080 1279 1238 1340; x_wconf 81' lang='lat' dir='ltr'><strong>Eusebius:</strong></span> <span class='ocrx_word' id='word_1_76' title='bbox 1259 1295 1350 1358; x_wconf 71' lang='lat' dir='ltr'><strong>quam</strong></span> 
     </span>
     <span class='ocr_line' id='line_1_11' title="bbox 257 1360 1351 1444; baseline -0.002 -19"><span class='ocrx_word' id='word_1_77' title='bbox 257 1365 377 1442; x_wconf 81' lang='lat' dir='ltr'><strong>regibus</strong></span> <span class='ocrx_word' id='word_1_78' title='bbox 398 1365 480 1426; x_wconf 76' lang='lat' dir='ltr'><strong>lavet</strong></span> <span class='ocrx_word' id='word_1_79' title='bbox 498 1365 560 1424; x_wconf 84' lang='lat' dir='ltr'><strong>eius</strong></span> <span class='ocrx_word' id='word_1_80' title='bbox 582 1362 746 1438; x_wconf 72' lang='lat' dir='ltr'><strong>seruatis,</strong></span> <span class='ocrx_word' id='word_1_81' title='bbox 769 1369 800 1421; x_wconf 88' lang='lat' dir='ltr'><strong>et</strong></span> <span class='ocrx_word' id='word_1_82' title='bbox 813 1360 920 1419; x_wconf 89' lang='lat' dir='ltr'><strong>mundi</strong></span> <span class='ocrx_word' id='word_1_83' title='bbox 934 1380 1028 1420; x_wconf 87' lang='lat' dir='ltr'><strong>annos</strong></span> <span class='ocrx_word' id='word_1_84' title='bbox 1042 1361 1263 1443; x_wconf 80' lang='lat' dir='ltr'><strong>interpolandos</strong></span> <span class='ocrx_word' id='word_1_85' title='bbox 1279 1382 1351 1444; x_wconf 89' lang='lat' dir='ltr'><strong>sug·</strong></span> 
     </span>
     <span class='ocr_line' id='line_1_12' title="bbox 278 1448 557 1508; baseline -0.007 0"><span class='ocrx_word' id='word_1_86' title='bbox 278 1448 343 1508; x_wconf 85' lang='lat' dir='ltr'><strong>erit.</strong></span> <span class='ocrx_word' id='word_1_87' title='bbox 555 1449 557 1456; x_wconf 81' lang='grc'>’</span> 
     </span>
     <span class='ocr_line' id='line_1_13' title="bbox 257 1467 1350 1617; baseline -0.002 -25"><span class='ocrx_word' id='word_1_88' title='bbox 257 1467 277 1526; x_wconf 63' lang='lat'><strong>⁸</strong></span> <span class='ocrx_word' id='word_1_89' title='bbox 343 1529 530 1611; x_wconf 74' lang='grc' dir='ltr'><strong>Σιεαρθαίως</strong></span> <span class='ocrx_word' id='word_1_90' title='bbox 543 1527 592 1617; x_wconf 73' lang='grc' dir='ltr'><strong>ἔτη</strong></span> <span class='ocrx_word' id='word_1_91' title='bbox 608 1520 681 1609; x_wconf 67' lang='grc' dir='ltr'><strong>μβ]</strong></span> <span class='ocrx_word' id='word_1_92' title='bbox 703 1525 799 1588; x_wconf 88' lang='lat' dir='ltr'><strong>Huius</strong></span> <span class='ocrx_word' id='word_1_93' title='bbox 820 1545 930 1588; x_wconf 86' lang='lat' dir='ltr'><strong>nomen</strong></span> <span class='ocrx_word' id='word_1_94' title='bbox 951 1527 1033 1608; x_wconf 80' lang='lat' dir='ltr'><strong>aput</strong></span> <span class='ocrx_word' id='word_1_95' title='bbox 1050 1530 1211 1592; x_wconf 83' lang='lat' dir='ltr'><strong>Eusebium</strong></span> <span class='ocrx_word' id='word_1_96' title='bbox 1234 1533 1272 1591; x_wconf 90' lang='lat' dir='ltr'><strong>ad</strong></span> <span class='ocrx_word' id='word_1_97' title='bbox 1292 1536 1350 1590; x_wconf 88' lang='lat' dir='ltr'><strong>an·</strong></span> 
     </span>
     <span class='ocr_line' id='line_1_14' title="bbox 259 1612 1351 1696; baseline -0.001 -22"><span class='ocrx_word' id='word_1_98' title='bbox 259 1627 337 1674; x_wconf 79' lang='lat' dir='ltr'><strong>num¹</strong></span> <span class='ocrx_word' id='word_1_99' title='bbox 352 1612 486 1674; x_wconf 72' lang='lat' dir='ltr'><strong>Abrabae</strong></span> <span class='ocrx_word' id='word_1_100' title='bbox 501 1613 572 1680; x_wconf 82' lang='lat'><strong>458.</strong></span> <span class='ocrx_word' id='word_1_101' title='bbox 596 1623 643 1673; x_wconf 84' lang='lat' dir='ltr'><strong>est</strong></span> <span class='ocrx_word' id='word_1_102' title='bbox 665 1615 809 1692; x_wconf 84' lang='lat' dir='ltr'><strong>Spuretus</strong></span> <span class='ocrx_word' id='word_1_103' title='bbox 824 1613 897 1673; x_wconf 90' lang='lat' dir='ltr'><strong>anui</strong></span> <span class='ocrx_word' id='word_1_104' title='bbox 918 1613 970 1679; x_wconf 79' lang='grc'><strong>40.</strong></span> <span class='ocrx_word' id='word_1_105' title='bbox 989 1613 1069 1693; x_wconf 77' lang='lat' dir='ltr'><strong>opud</strong></span> <span class='ocrx_word' id='word_1_106' title='bbox 1092 1616 1273 1696; x_wconf 79' lang='lat' dir='ltr'><strong>scaligerum</strong></span> <span class='ocrx_word' id='word_1_107' title='bbox 1292 1615 1351 1678; x_wconf 89' lang='lat' dir='ltr'><strong>soli</strong></span> 
     </span>
     <span class='ocr_line' id='line_1_15' title="bbox 259 1696 1099 1777; baseline 0 -19"><span class='ocrx_word' id='word_1_108' title='bbox 259 1702 312 1767; x_wconf 78' lang='grc'><strong>80.</strong></span> <span class='ocrx_word' id='word_1_109' title='bbox 332 1699 368 1758; x_wconf 83' lang='lat' dir='ltr'><strong>ab</strong></span> <span class='ocrx_word' id='word_1_110' title='bbox 381 1697 505 1758; x_wconf 86' lang='lat' dir='ltr'><strong>Eusebio</strong></span> <span class='ocrx_word' id='word_1_111' title='bbox 521 1702 572 1763; x_wconf 92' lang='lat'><strong>10.</strong></span> <span class='ocrx_word' id='word_1_112' title='bbox 589 1707 619 1756; x_wconf 92' lang='lat' dir='ltr'><strong>et</strong></span> <span class='ocrx_word' id='word_1_113' title='bbox 633 1719 649 1756; x_wconf 88' lang='lat' dir='ltr'><strong>a</strong></span> <span class='ocrx_word' id='word_1_114' title='bbox 666 1696 794 1777; x_wconf 83' lang='lat' dir='ltr'><strong>Georgio</strong></span> <span class='ocrx_word' id='word_1_115' title='bbox 812 1703 861 1764; x_wconf 79' lang='lat'><strong>12.</strong></span> <span class='ocrx_word' id='word_1_116' title='bbox 877 1697 963 1758; x_wconf 87' lang='lat' dir='ltr'><strong>anuis</strong></span> <span class='ocrx_word' id='word_1_117' title='bbox 978 1699 1099 1759; x_wconf 83' lang='lat' dir='ltr'><strong>secedit.</strong></span> 
     </span>
    </p>

    <p class='ocr_par' dir='ltr' id='par_1_4' title="bbox 257 1776 1351 1950">
     <span class='ocr_line' id='line_1_16' title="bbox 342 1776 1351 1864; baseline -0.001 -20"><span class='ocrx_word' id='word_1_118' title='bbox 342 1787 461 1864; x_wconf 80' lang='grc' dir='ltr'><strong><em>Κῆρτος</em></strong></span> <span class='ocrx_word' id='word_1_119' title='bbox 476 1781 526 1860; x_wconf 69' lang='grc' dir='ltr'><strong>ἔνη</strong></span> <span class='ocrx_word' id='word_1_120' title='bbox 542 1776 621 1860; x_wconf 55' lang='lat' dir='ltr'><strong>adst]</strong></span> <span class='ocrx_word' id='word_1_121' title='bbox 649 1781 733 1843; x_wconf 88' lang='lat' dir='ltr'><strong>luter</strong></span> <span class='ocrx_word' id='word_1_122' title='bbox 758 1781 932 1862; x_wconf 76' lang='lat' dir='ltr'><strong>Aphopltim</strong></span> <span class='ocrx_word' id='word_1_123' title='bbox 960 1793 991 1842; x_wconf 89' lang='lat' dir='ltr'><strong>et</strong></span> <span class='ocrx_word' id='word_1_124' title='bbox 1010 1782 1119 1859; x_wconf 83' lang='lat' dir='ltr'><strong>liseth,</strong></span> <span class='ocrx_word' id='word_1_125' title='bbox 1141 1803 1228 1862; x_wconf 87' lang='lat' dir='ltr'><strong>quem</strong></span> <span class='ocrx_word' id='word_1_126' title='bbox 1253 1783 1351 1845; x_wconf 76' lang='lat' dir='ltr'><strong>Assim</strong></span> 
     </span>
     <span class='ocr_line' id='line_1_17' title="bbox 257 1864 1349 1950; baseline 0.001 -24"><span class='ocrx_word' id='word_1_127' title='bbox 257 1866 399 1950; x_wconf 84' lang='lat' dir='ltr'><strong>losepbus</strong></span> <span class='ocrx_word' id='word_1_128' title='bbox 413 1865 519 1925; x_wconf 78' lang='lat' dir='ltr'><strong>scribit</strong></span> <span class='ocrx_word' id='word_1_129' title='bbox 534 1864 653 1940; x_wconf 84' lang='lat' dir='ltr'><strong>Sethus,</strong></span> <span class='ocrx_word' id='word_1_130' title='bbox 674 1876 727 1923; x_wconf 81' lang='lat' dir='ltr'><strong>sut</strong></span> <span class='ocrx_word' id='word_1_131' title='bbox 739 1867 844 1926; x_wconf 81' lang='lat' dir='ltr'><strong>Certus</strong></span> <span class='ocrx_word' id='word_1_132' title='bbox 853 1867 982 1946; x_wconf 78' lang='lat' dir='ltr'><strong>Aegypti</strong></span> <span class='ocrx_word' id='word_1_133' title='bbox 995 1886 1051 1926; x_wconf 82' lang='lat' dir='ltr'><strong>rex</strong></span> <span class='ocrx_word' id='word_1_134' title='bbox 1065 1869 1174 1944; x_wconf 86' lang='lat' dir='ltr'><strong>nullus,</strong></span> <span class='ocrx_word' id='word_1_135' title='bbox 1189 1868 1242 1928; x_wconf 89' lang='lat' dir='ltr'><strong>sed</strong></span> <span class='ocrx_word' id='word_1_136' title='bbox 1254 1869 1349 1927; x_wconf 74' lang='lat' dir='ltr'><strong>[onim</strong></span> 
     </span>
    </p>

    <p class='ocr_par' dir='ltr' id='par_1_5' title="bbox 168 1948 1351 2283">
     <span class='ocr_line' id='line_1_18' title="bbox 168 1948 1349 2031; baseline 0.005 -25"><span class='ocrx_word' id='word_1_137' title='bbox 168 1948 200 2007; x_wconf 75' lang='lat' dir='ltr'><strong>V.</strong></span> <span class='ocrx_word' id='word_1_138' title='bbox 212 1949 247 2010; x_wconf 78' lang='grc'><strong>88</strong></span> <span class='ocrx_word' id='word_1_139' title='bbox 262 1953 347 2012; x_wconf 88' lang='lat' dir='ltr'><strong>cuius</strong></span> <span class='ocrx_word' id='word_1_140' title='bbox 370 1950 441 2011; x_wconf 87' lang='lat' dir='ltr'><strong>anui</strong></span> <span class='ocrx_word' id='word_1_141' title='bbox 455 1957 601 2030; x_wconf 82' lang='lat' dir='ltr'><strong>putantur</strong></span> <span class='ocrx_word' id='word_1_142' title='bbox 615 1952 667 2016; x_wconf 83' lang='grc'><strong>50.</strong></span> <span class='ocrx_word' id='word_1_143' title='bbox 687 1969 725 2008; x_wconf 87' lang='lat' dir='ltr'><strong>ex</strong></span> <span class='ocrx_word' id='word_1_144' title='bbox 745 1971 811 2028; x_wconf 87' lang='lat' dir='ltr'><strong>pag.</strong></span> <span class='ocrx_word' id='word_1_145' title='bbox 830 1951 994 2030; x_wconf 90' lang='lat' dir='ltr'><strong>superiore.</strong></span> <span class='ocrx_word' id='word_1_146' title='bbox 1038 1951 1096 2011; x_wconf 85' lang='lat' dir='ltr'><strong>Hie</strong></span> <span class='ocrx_word' id='word_1_147' title='bbox 1112 1972 1234 2031; x_wconf 87' lang='lat' dir='ltr'><strong>quoque</strong></span> <span class='ocrx_word' id='word_1_148' title='bbox 1246 1953 1349 2012; x_wconf 85' lang='lat' dir='ltr'><strong>Certus</strong></span> 
     </span>
     <span class='ocr_line' id='line_1_19' title="bbox 257 2031 1351 2115; baseline -0.001 -17"><span class='ocrx_word' id='word_1_149' title='bbox 257 2037 290 2097; x_wconf 87' lang='lat' dir='ltr'><strong>iu</strong></span> <span class='ocrx_word' id='word_1_150' title='bbox 307 2034 438 2097; x_wconf 74' lang='lat' dir='ltr'><strong>Africani</strong></span> <span class='ocrx_word' id='word_1_151' title='bbox 453 2054 491 2094; x_wconf 82' lang='lat' dir='ltr'><strong>ex</strong></span> <span class='ocrx_word' id='word_1_152' title='bbox 506 2031 685 2094; x_wconf 82' lang='lat' dir='ltr'><strong>Manethone</strong></span> <span class='ocrx_word' id='word_1_153' title='bbox 697 2035 909 2112; x_wconf 73' lang='lat' dir='ltr'><strong>diagrammate</strong></span> <span class='ocrx_word' id='word_1_154' title='bbox 921 2036 1025 2093; x_wconf 89' lang='lat' dir='ltr'><strong>nullus</strong></span> <span class='ocrx_word' id='word_1_155' title='bbox 1043 2046 1087 2094; x_wconf 89' lang='lat' dir='ltr'><strong>est</strong></span> <span class='ocrx_word' id='word_1_156' title='bbox 1101 2057 1167 2115; x_wconf 89' lang='lat' dir='ltr'><strong>pag.</strong></span> <span class='ocrx_word' id='word_1_157' title='bbox 1183 2043 1234 2103; x_wconf 83' lang='lat'><strong>61.</strong></span> <span class='ocrx_word' id='word_1_158' title='bbox 1245 2038 1280 2096; x_wconf 90' lang='lat' dir='ltr'><strong>B.</strong></span> <span class='ocrx_word' id='word_1_159' title='bbox 1296 2037 1351 2097; x_wconf 84' lang='lat' dir='ltr'><strong>sed</strong></span> 
     </span>
     <span class='ocr_line' id='line_1_20' title="bbox 259 2118 1350 2201; baseline 0.003 -21"><span class='ocrx_word' id='word_1_160' title='bbox 259 2132 328 2181; x_wconf 86' lang='lat' dir='ltr'><strong>ante</strong></span> <span class='ocrx_word' id='word_1_161' title='bbox 341 2118 530 2200; x_wconf 84' lang='lat' dir='ltr'><strong>Apbophim,</strong></span> <span class='ocrx_word' id='word_1_162' title='bbox 551 2121 643 2178; x_wconf 85' lang='lat' dir='ltr'><strong>Staan</strong></span> <span class='ocrx_word' id='word_1_163' title='bbox 661 2127 691 2178; x_wconf 87' lang='lat' dir='ltr'><strong>et</strong></span> <span class='ocrx_word' id='word_1_164' title='bbox 708 2118 850 2179; x_wconf 77' lang='lat' dir='ltr'><strong>Archles:</strong></span> <span class='ocrx_word' id='word_1_165' title='bbox 871 2127 941 2200; x_wconf 88' lang='lat' dir='ltr'><strong>post</strong></span> <span class='ocrx_word' id='word_1_166' title='bbox 958 2119 1133 2200; x_wconf 78' lang='lat' dir='ltr'><strong>Aphophim</strong></span> <span class='ocrx_word' id='word_1_167' title='bbox 1154 2122 1236 2201; x_wconf 81' lang='lat' dir='ltr'><strong>spud</strong></span> <span class='ocrx_word' id='word_1_168' title='bbox 1252 2123 1350 2182; x_wconf 77' lang='lat' dir='ltr'><strong>Euse-</strong></span> 
     </span>
     <span class='ocr_line' id='line_1_21' title="bbox 256 2203 862 2283; baseline -0.008 -16"><span class='ocrx_word' id='word_1_169' title='bbox 256 2205 338 2268; x_wconf 82' lang='lat' dir='ltr'><strong>bium</strong></span> <span class='ocrx_word' id='word_1_170' title='bbox 348 2203 480 2263; x_wconf 80' lang='lat' dir='ltr'><strong>&#39;Arcbles</strong></span> <span class='ocrx_word' id='word_1_171' title='bbox 495 2203 662 2263; x_wconf 84' lang='lat' dir='ltr'><strong>celebratur</strong></span> <span class='ocrx_word' id='word_1_172' title='bbox 675 2223 741 2283; x_wconf 70' lang='lat' dir='ltr'><strong>prag.</strong></span> <span class='ocrx_word' id='word_1_173' title='bbox 758 2209 810 2270; x_wconf 71' lang='grc'><strong>62.</strong></span> <span class='ocrx_word' id='word_1_174' title='bbox 827 2205 862 2262; x_wconf 79' lang='grc' dir='ltr'><strong>Α.</strong></span> 
     </span>
    </p>

    <p class='ocr_par' dir='ltr' id='par_1_6' title="bbox 255 2283 1349 3524">
     <span class='ocr_line' id='line_1_22' title="bbox 344 2283 1349 2369; baseline -0.006 -17"><span class='ocrx_word' id='word_1_175' title='bbox 344 2285 405 2362; x_wconf 73' lang='lat' dir='ltr'><strong>To&#39;e</strong></span> <span class='ocrx_word' id='word_1_176' title='bbox 418 2283 448 2351; x_wconf 83' lang='lat' dir='ltr'><strong>s&#39;.</strong></span> <span class='ocrx_word' id='word_1_177' title='bbox 463 2287 671 2369; x_wconf 76' lang='grc' dir='ltr'><strong>ἕπαγομένας.]</strong></span> <span class='ocrx_word' id='word_1_178' title='bbox 691 2289 732 2346; x_wconf 88' lang='lat' dir='ltr'><strong>Ut</strong></span> <span class='ocrx_word' id='word_1_179' title='bbox 750 2297 825 2366; x_wconf 92' lang='lat' dir='ltr'><strong>quot</strong></span> <span class='ocrx_word' id='word_1_180' title='bbox 838 2286 980 2365; x_wconf 81' lang='lat' dir='ltr'><strong>gradibus</strong></span> <span class='ocrx_word' id='word_1_181' title='bbox 1001 2286 1147 2345; x_wconf 85' lang='lat' dir='ltr'><strong>Zodiaeus</strong></span> <span class='ocrx_word' id='word_1_182' title='bbox 1168 2287 1218 2347; x_wconf 87' lang='lat' dir='ltr'><strong>vel</strong></span> <span class='ocrx_word' id='word_1_183' title='bbox 1235 2287 1349 2346; x_wconf 88' lang='lat' dir='ltr'><strong>coelum</strong></span> 
     </span>
     <span class='ocr_line' id='line_1_23' title="bbox 255 2370 1348 2455; baseline -0.002 -23"><span class='ocrx_word' id='word_1_184' title='bbox 255 2374 354 2455; x_wconf 88' lang='lat' dir='ltr'><strong>ipsum</strong></span> <span class='ocrx_word' id='word_1_185' title='bbox 368 2373 580 2450; x_wconf 81' lang='lat' dir='ltr'><strong>distinguitur,</strong></span> <span class='ocrx_word' id='word_1_186' title='bbox 601 2373 724 2453; x_wconf 81' lang='lat' dir='ltr'><strong>peribus</strong></span> <span class='ocrx_word' id='word_1_187' title='bbox 735 2393 855 2451; x_wconf 86' lang='lat' dir='ltr'><strong>quoque</strong></span> <span class='ocrx_word' id='word_1_188' title='bbox 867 2370 974 2431; x_wconf 85' lang='lat' dir='ltr'><strong>diebus</strong></span> <span class='ocrx_word' id='word_1_189' title='bbox 991 2372 1228 2451; x_wconf 78' lang='lat' dir='ltr'><strong>compingeretur</strong></span> <span class='ocrx_word' id='word_1_190' title='bbox 1241 2391 1348 2446; x_wconf 83' lang='lat' dir='ltr'><strong>annus,</strong></span> 
     </span>
     <span class='ocr_line' id='line_1_24' title="bbox 255 2455 1349 2536; baseline -0.005 -18"><span class='ocrx_word' id='word_1_191' title='bbox 255 2467 370 2518; x_wconf 81' lang='lat' dir='ltr'><strong>veteres</strong></span> <span class='ocrx_word' id='word_1_192' title='bbox 385 2457 522 2536; x_wconf 79' lang='lat' dir='ltr'><strong>Aegyptii</strong></span> <span class='ocrx_word' id='word_1_193' title='bbox 537 2476 637 2515; x_wconf 86' lang='lat' dir='ltr'><strong>rerum</strong></span> <span class='ocrx_word' id='word_1_194' title='bbox 652 2457 909 2534; x_wconf 77' lang='lat' dir='ltr'><strong>ssuotogicarum</strong></span> <span class='ocrx_word' id='word_1_195' title='bbox 926 2455 1052 2516; x_wconf 83' lang='lat' dir='ltr'><strong>studiosi</strong></span> <span class='ocrx_word' id='word_1_196' title='bbox 1066 2467 1239 2519; x_wconf 83' lang='lat' dir='ltr'><strong>sanxerunt.</strong></span> <span class='ocrx_word' id='word_1_197' title='bbox 1280 2455 1349 2514; x_wconf 81' lang='lat' dir='ltr'><strong>&#39;l&#39;ri-</strong></span> 
     </span>
     <span class='ocr_line' id='line_1_25' title="bbox 258 2539 1349 2619; baseline 0 -19"><span class='ocrx_word' id='word_1_198' title='bbox 258 2561 364 2600; x_wconf 88' lang='lat' dir='ltr'><strong>cenum</strong></span> <span class='ocrx_word' id='word_1_199' title='bbox 383 2541 483 2619; x_wconf 84' lang='lat' dir='ltr'><strong>itaque</strong></span> <span class='ocrx_word' id='word_1_200' title='bbox 504 2539 619 2599; x_wconf 89' lang='lat' dir='ltr'><strong>dierum</strong></span> <span class='ocrx_word' id='word_1_201' title='bbox 641 2561 755 2600; x_wconf 87' lang='lat' dir='ltr'><strong>menses</strong></span> <span class='ocrx_word' id='word_1_202' title='bbox 777 2551 862 2601; x_wconf 86' lang='lat' dir='ltr'><strong>erant</strong></span> <span class='ocrx_word' id='word_1_203' title='bbox 885 2541 918 2600; x_wconf 93' lang='lat' dir='ltr'><strong>in</strong></span> <span class='ocrx_word' id='word_1_204' title='bbox 942 2560 1022 2600; x_wconf 90' lang='lat' dir='ltr'><strong>anuo</strong></span> <span class='ocrx_word' id='word_1_205' title='bbox 1046 2541 1222 2617; x_wconf 86' lang='lat' dir='ltr'><strong>duodecim,</strong></span> <span class='ocrx_word' id='word_1_206' title='bbox 1244 2539 1349 2600; x_wconf 81' lang='lat' dir='ltr'><strong>diebus</strong></span> 
     </span>
     <span class='ocr_line' id='line_1_26' title="bbox 258 2621 1349 2706; baseline -0.001 -21"><span class='ocrx_word' id='word_1_207' title='bbox 258 2626 329 2686; x_wconf 87' lang='lat' dir='ltr'><strong>solis</strong></span> <span class='ocrx_word' id='word_1_208' title='bbox 352 2625 432 2706; x_wconf 91' lang='lat' dir='ltr'><strong>(non</strong></span> <span class='ocrx_word' id='word_1_209' title='bbox 448 2621 543 2704; x_wconf 83' lang='lat' dir='ltr'><strong>Solis)</strong></span> <span class='ocrx_word' id='word_1_210' title='bbox 565 2627 637 2690; x_wconf 82' lang='grc'><strong>860.</strong></span> <span class='ocrx_word' id='word_1_211' title='bbox 657 2644 767 2684; x_wconf 88' lang='lat' dir='ltr'><strong>annum</strong></span> <span class='ocrx_word' id='word_1_212' title='bbox 793 2625 994 2686; x_wconf 80' lang='lat' dir='ltr'><strong>conficientes.</strong></span> <span class='ocrx_word' id='word_1_213' title='bbox 1046 2626 1202 2684; x_wconf 85' lang='lat' dir='ltr'><strong>Crescente</strong></span> <span class='ocrx_word' id='word_1_214' title='bbox 1223 2624 1349 2684; x_wconf 85' lang='lat' dir='ltr'><strong>subinde</strong></span> 
     </span>
     <span class='ocr_line' id='line_1_27' title="bbox 257 2709 1348 2790; baseline 0 -22"><span class='ocrx_word' id='word_1_215' title='bbox 257 2710 337 2790; x_wconf 86' lang='lat' dir='ltr'><strong>apud</strong></span> <span class='ocrx_word' id='word_1_216' title='bbox 358 2710 476 2770; x_wconf 88' lang='lat' dir='ltr'><strong>eosdem</strong></span> <span class='ocrx_word' id='word_1_217' title='bbox 500 2718 647 2769; x_wconf 86' lang='lat' dir='ltr'><strong>astrorum</strong></span> <span class='ocrx_word' id='word_1_218' title='bbox 669 2718 700 2769; x_wconf 86' lang='lat' dir='ltr'><strong>et</strong></span> <span class='ocrx_word' id='word_1_219' title='bbox 720 2709 836 2770; x_wconf 89' lang='lat' dir='ltr'><strong>orbium</strong></span> <span class='ocrx_word' id='word_1_220' title='bbox 860 2709 1031 2769; x_wconf 89' lang='lat' dir='ltr'><strong>coelestium</strong></span> <span class='ocrx_word' id='word_1_221' title='bbox 1051 2728 1156 2768; x_wconf 88' lang='lat' dir='ltr'><strong>cursus</strong></span> <span class='ocrx_word' id='word_1_222' title='bbox 1171 2710 1295 2789; x_wconf 90' lang='lat' dir='ltr'><strong>peritia,</strong></span> <span class='ocrx_word' id='word_1_223' title='bbox 1317 2719 1348 2768; x_wconf 86' lang='lat' dir='ltr'><strong>et</strong></span> 
     </span>
     <span class='ocr_line' id='line_1_28' title="bbox 258 2788 1348 2874; baseline -0.004 -18"><span class='ocrx_word' id='word_1_224' title='bbox 258 2793 457 2856; x_wconf 69' lang='lat' dir='ltr'><strong>cribratam</strong></span> <span class='ocrx_word' id='word_1_225' title='bbox 472 2792 577 2874; x_wconf 87' lang='lat' dir='ltr'><strong>loseph</strong></span> <span class='ocrx_word' id='word_1_226' title='bbox 591 2804 621 2854; x_wconf 88' lang='lat' dir='ltr'><strong>et</strong></span> <span class='ocrx_word' id='word_1_227' title='bbox 635 2803 825 2874; x_wconf 85' lang='lat' dir='ltr'><strong>posterorum</strong></span> <span class='ocrx_word' id='word_1_228' title='bbox 846 2788 1064 2853; x_wconf 79' lang='lat' dir='ltr'><strong>consuetudine</strong></span> <span class='ocrx_word' id='word_1_229' title='bbox 1079 2803 1109 2852; x_wconf 90' lang='lat' dir='ltr'><strong>et</strong></span> <span class='ocrx_word' id='word_1_230' title='bbox 1125 2793 1277 2870; x_wconf 85' lang='lat' dir='ltr'><strong>doctrina,</strong></span> <span class='ocrx_word' id='word_1_231' title='bbox 1299 2793 1348 2852; x_wconf 87' lang='lat' dir='ltr'><strong>oi-</strong></span> 
     </span>
     <span class='ocr_line' id='line_1_29' title="bbox 257 2877 1346 2959; baseline -0.001 -22"><span class='ocrx_word' id='word_1_232' title='bbox 257 2877 328 2937; x_wconf 83' lang='lat' dir='ltr'><strong>vilis</strong></span> <span class='ocrx_word' id='word_1_233' title='bbox 343 2896 444 2935; x_wconf 86' lang='lat' dir='ltr'><strong>eorum</strong></span> <span class='ocrx_word' id='word_1_234' title='bbox 459 2878 530 2936; x_wconf 87' lang='lat' dir='ltr'><strong>anni</strong></span> <span class='ocrx_word' id='word_1_235' title='bbox 550 2878 671 2938; x_wconf 83' lang='lat' dir='ltr'><strong>defectu</strong></span> <span class='ocrx_word' id='word_1_236' title='bbox 690 2881 826 2956; x_wconf 86' lang='lat' dir='ltr'><strong>cognito,</strong></span> <span class='ocrx_word' id='word_1_237' title='bbox 847 2898 907 2959; x_wconf 90' lang='lat' dir='ltr'><strong>quo</strong></span> <span class='ocrx_word' id='word_1_238' title='bbox 923 2878 1002 2937; x_wconf 88' lang='lat' dir='ltr'><strong>Solis</strong></span> <span class='ocrx_word' id='word_1_239' title='bbox 1022 2898 1142 2938; x_wconf 87' lang='lat' dir='ltr'><strong>cursum</strong></span> <span class='ocrx_word' id='word_1_240' title='bbox 1162 2878 1346 2957; x_wconf 86' lang='lat' dir='ltr'><strong>aliquatenus</strong></span> 
     </span>
     <span class='ocr_line' id='line_1_30' title="bbox 258 2960 1347 3041; baseline 0 -21"><span class='ocrx_word' id='word_1_241' title='bbox 258 2969 507 3038; x_wconf 82' lang='lat' dir='ltr'><strong>consequeretur,</strong></span> <span class='ocrx_word' id='word_1_242' title='bbox 526 2960 667 3040; x_wconf 85' lang='lat' dir='ltr'><strong>huncque</strong></span> <span class='ocrx_word' id='word_1_243' title='bbox 683 2965 759 3022; x_wconf 87' lang='lat' dir='ltr'><strong>alter</strong></span> <span class='ocrx_word' id='word_1_244' title='bbox 777 2963 832 3022; x_wconf 80' lang='lat' dir='ltr'><strong>vix</strong></span> <span class='ocrx_word' id='word_1_245' title='bbox 854 2964 1029 3041; x_wconf 86' lang='lat' dir='ltr'><strong>excederet,</strong></span> <span class='ocrx_word' id='word_1_246' title='bbox 1049 2961 1195 3022; x_wconf 80' lang='lat' dir='ltr'><strong>ascititios</strong></span> <span class='ocrx_word' id='word_1_247' title='bbox 1216 2962 1347 3041; x_wconf 85' lang='lat' dir='ltr'><strong>quinque</strong></span> 
     </span>
     <span class='ocr_line' id='line_1_31' title="bbox 258 3043 1347 3124; baseline 0 -19"><span class='ocrx_word' id='word_1_248' title='bbox 258 3045 322 3105; x_wconf 90' lang='lat' dir='ltr'><strong>dies</strong></span> <span class='ocrx_word' id='word_1_249' title='bbox 346 3065 383 3104; x_wconf 80' lang='lat' dir='ltr'><strong>ox</strong></span> <span class='ocrx_word' id='word_1_250' title='bbox 399 3043 491 3104; x_wconf 78' lang='lat' dir='ltr'><strong>Aseth</strong></span> <span class='ocrx_word' id='word_1_251' title='bbox 509 3045 606 3104; x_wconf 91' lang='lat' dir='ltr'><strong>edicto</strong></span> <span class='ocrx_word' id='word_1_252' title='bbox 626 3057 693 3124; x_wconf 86' lang='lat' dir='ltr'><strong>post</strong></span> <span class='ocrx_word' id='word_1_253' title='bbox 713 3047 854 3107; x_wconf 90' lang='lat' dir='ltr'><strong>ultimum</strong></span> <span class='ocrx_word' id='word_1_254' title='bbox 873 3067 1005 3109; x_wconf 88' lang='lat' dir='ltr'><strong>mensem</strong></span> <span class='ocrx_word' id='word_1_255' title='bbox 1023 3047 1245 3108; x_wconf 87' lang='lat' dir='ltr'><strong>intercalandos</strong></span> <span class='ocrx_word' id='word_1_256' title='bbox 1265 3057 1347 3106; x_wconf 76' lang='lat' dir='ltr'><strong>ette-</strong></span> 
     </span>
     <span class='ocr_line' id='line_1_32' title="bbox 257 3128 1347 3208; baseline 0 -18"><span class='ocrx_word' id='word_1_257' title='bbox 257 3138 399 3192; x_wconf 78' lang='lat' dir='ltr'><strong>aruerunt.</strong></span> <span class='ocrx_word' id='word_1_258' title='bbox 441 3129 483 3187; x_wconf 88' lang='lat' dir='ltr'><strong>Ut</strong></span> <span class='ocrx_word' id='word_1_259' title='bbox 500 3128 660 3208; x_wconf 77' lang='lat' dir='ltr'><strong>Aegyptios</strong></span> <span class='ocrx_word' id='word_1_260' title='bbox 677 3131 768 3190; x_wconf 79' lang='lat' dir='ltr'><strong>Attici</strong></span> <span class='ocrx_word' id='word_1_261' title='bbox 779 3133 901 3192; x_wconf 83' lang='lat' dir='ltr'><strong>‘fuerint</strong></span> <span class='ocrx_word' id='word_1_262' title='bbox 919 3133 1027 3190; x_wconf 82' lang='lat' dir='ltr'><strong>imitati</strong></span> <span class='ocrx_word' id='word_1_263' title='bbox 1042 3132 1130 3191; x_wconf 88' lang='lat' dir='ltr'><strong>docet</strong></span> <span class='ocrx_word' id='word_1_264' title='bbox 1142 3131 1282 3190; x_wconf 81' lang='lat' dir='ltr'><strong>Petovius</strong></span> <span class='ocrx_word' id='word_1_265' title='bbox 1295 3130 1347 3190; x_wconf 88' lang='lat' dir='ltr'><strong>lib.</strong></span> 
     </span>
     <span class='ocr_line' id='line_1_33' title="bbox 259 3214 1346 3294; baseline 0.002 -23"><span class='ocrx_word' id='word_1_266' title='bbox 259 3221 288 3281; x_wconf 87' lang='lat'><strong>1.</strong></span> <span class='ocrx_word' id='word_1_267' title='bbox 309 3235 375 3294; x_wconf 81' lang='lat' dir='ltr'><strong>cap.</strong></span> <span class='ocrx_word' id='word_1_268' title='bbox 390 3219 424 3280; x_wconf 82' lang='lat'><strong>7.</strong></span> <span class='ocrx_word' id='word_1_269' title='bbox 458 3214 548 3288; x_wconf 86' lang='lat' dir='ltr'><strong>Quod</strong></span> <span class='ocrx_word' id='word_1_270' title='bbox 572 3214 807 3273; x_wconf 85' lang='lat' dir='ltr'><strong>comminiscitur</strong></span> <span class='ocrx_word' id='word_1_271' title='bbox 831 3218 960 3293; x_wconf 77' lang='lat' dir='ltr'><strong>Scaliger</strong></span> <span class='ocrx_word' id='word_1_272' title='bbox 981 3217 1018 3273; x_wconf 92' lang='lat' dir='ltr'><strong>de</strong></span> <span class='ocrx_word' id='word_1_273' title='bbox 1044 3225 1129 3275; x_wconf 78' lang='lat' dir='ltr'><strong>sexto</strong></span> <span class='ocrx_word' id='word_1_274' title='bbox 1154 3215 1203 3274; x_wconf 89' lang='lat' dir='ltr'><strong>die</strong></span> <span class='ocrx_word' id='word_1_275' title='bbox 1224 3215 1346 3294; x_wconf 76' lang='lat' dir='ltr'><strong>singulis</strong></span> 
     </span>
     <span class='ocr_line' id='line_1_34' title="bbox 258 3298 1348 3378; baseline 0.002 -22"><span class='ocrx_word' id='word_1_276' title='bbox 258 3298 462 3377; x_wconf 86' lang='lat' dir='ltr'><strong>quadrienniis</strong></span> <span class='ocrx_word' id='word_1_277' title='bbox 476 3298 586 3375; x_wconf 87' lang='lat' dir='ltr'><strong>ascito,</strong></span> <span class='ocrx_word' id='word_1_278' title='bbox 606 3298 726 3358; x_wconf 88' lang='lat' dir='ltr'><strong>nonnisi</strong></span> <span class='ocrx_word' id='word_1_279' title='bbox 739 3298 887 3373; x_wconf 77' lang='lat' dir='ltr'><strong>scaligero</strong></span> <span class='ocrx_word' id='word_1_280' title='bbox 905 3298 964 3378; x_wconf 87' lang='lat' dir='ltr'><strong>ipsi</strong></span> <span class='ocrx_word' id='word_1_281' title='bbox 982 3318 1087 3358; x_wconf 78' lang='lat' dir='ltr'><strong>venius</strong></span> <span class='ocrx_word' id='word_1_282' title='bbox 1108 3298 1271 3360; x_wconf 85' lang='lat' dir='ltr'><strong>existimari</strong></span> <span class='ocrx_word' id='word_1_283' title='bbox 1291 3301 1348 3358; x_wconf 88' lang='lat' dir='ltr'><strong>de-</strong></span> 
     </span>
     <span class='ocr_line' id='line_1_35' title="bbox 257 3383 1347 3524; baseline 0.002 -85"><span class='ocrx_word' id='word_1_284' title='bbox 257 3392 426 3524; x_wconf 53' lang='lat' dir='ltr'><strong>sponstrnnt</strong></span> <span class='ocrx_word' id='word_1_285' title='bbox 443 3383 581 3445; x_wconf 81' lang='lat' dir='ltr'><strong>Petsvius</strong></span> <span class='ocrx_word' id='word_1_286' title='bbox 604 3391 634 3443; x_wconf 92' lang='lat' dir='ltr'><strong>et</strong></span> <span class='ocrx_word' id='word_1_287' title='bbox 656 3384 797 3462; x_wconf 78' lang='lat' dir='ltr'><strong>stlattas,</strong></span> <span class='ocrx_word' id='word_1_288' title='bbox 817 3383 870 3444; x_wconf 91' lang='lat' dir='ltr'><strong>hio</strong></span> <span class='ocrx_word' id='word_1_289' title='bbox 891 3384 929 3446; x_wconf 88' lang='lat' dir='ltr'><strong>ds</strong></span> <span class='ocrx_word' id='word_1_290' title='bbox 942 3383 1096 3463; x_wconf 84' lang='lat' dir='ltr'><strong>Mensura,</strong></span> <span class='ocrx_word' id='word_1_291' title='bbox 1117 3385 1193 3445; x_wconf 87' lang='lat' dir='ltr'><strong>alter</strong></span> <span class='ocrx_word' id='word_1_292' title='bbox 1211 3385 1347 3444; x_wconf 78' lang='lat' dir='ltr'><strong>delloot.</strong></span> 
     </span>
    </p>

    <p class='ocr_par' dir='ltr' id='par_1_7' title="bbox 284 3483 447 3546">
     <span class='ocr_line' id='line_1_36' title="bbox 284 3483 447 3546; baseline 0.025 -23"><span class='ocrx_word' id='word_1_293' title='bbox 284 3483 447 3546; x_wconf 87' lang='lat' dir='ltr'><strong>emporum.</strong></span> 
     </span>
    </p>

    <p class='ocr_par' dir='ltr' id='par_1_8' title="bbox 257 3545 1347 3867">
     <span class='ocr_line' id='line_1_37' title="bbox 340 3545 1347 3634; baseline -0.006 -23"><span class='ocrx_word' id='word_1_294' title='bbox 340 3547 375 3610; x_wconf 84' lang='lat'><strong>‘0</strong></span> <span class='ocrx_word' id='word_1_295' title='bbox 395 3545 503 3628; x_wconf 80' lang='grc' dir='ltr'><strong><em>μόσχος</em></strong></span> <span class='ocrx_word' id='word_1_296' title='bbox 521 3550 746 3632; x_wconf 56' lang='lat' dir='ltr'><strong>demergitis]</strong></span> <span class='ocrx_word' id='word_1_297' title='bbox 767 3553 810 3612; x_wconf 86' lang='lat' dir='ltr'><strong>De</strong></span> <span class='ocrx_word' id='word_1_298' title='bbox 829 3552 906 3613; x_wconf 86' lang='lat' dir='ltr'><strong>bove</strong></span> <span class='ocrx_word' id='word_1_299' title='bbox 927 3553 1048 3634; x_wconf 86' lang='lat' dir='ltr'><strong>Serapi,</strong></span> <span class='ocrx_word' id='word_1_300' title='bbox 1071 3553 1134 3632; x_wconf 80' lang='lat' dir='ltr'><strong>sire</strong></span> <span class='ocrx_word' id='word_1_301' title='bbox 1148 3549 1226 3629; x_wconf 80' lang='lat' dir='ltr'><strong>Api,</strong></span> <span class='ocrx_word' id='word_1_302' title='bbox 1247 3548 1347 3607; x_wconf 84' lang='lat' dir='ltr'><strong>Latini</strong></span> 
     </span>
     <span class='ocr_line' id='line_1_38' title="bbox 257 3631 1347 3714; baseline -0.001 -21"><span class='ocrx_word' id='word_1_303' title='bbox 257 3631 379 3693; x_wconf 79' lang='lat' dir='ltr'><strong>Eusebii</strong></span> <span class='ocrx_word' id='word_1_304' title='bbox 394 3643 548 3713; x_wconf 86' lang='lat' dir='ltr'><strong>reparator</strong></span> <span class='ocrx_word' id='word_1_305' title='bbox 562 3637 706 3696; x_wconf 82' lang='lat' dir='ltr'><strong>Pontacus</strong></span> <span class='ocrx_word' id='word_1_306' title='bbox 719 3636 751 3695; x_wconf 91' lang='lat' dir='ltr'><strong>iu</strong></span> <span class='ocrx_word' id='word_1_307' title='bbox 763 3637 867 3713; x_wconf 87' lang='lat' dir='ltr'><strong>Notis,</strong></span> <span class='ocrx_word' id='word_1_308' title='bbox 887 3637 939 3697; x_wconf 91' lang='lat' dir='ltr'><strong>ubi</strong></span> <span class='ocrx_word' id='word_1_309' title='bbox 953 3638 991 3696; x_wconf 89' lang='lat' dir='ltr'><strong>de</strong></span> <span class='ocrx_word' id='word_1_310' title='bbox 1004 3639 1067 3696; x_wconf 89' lang='lat' dir='ltr'><strong>eius</strong></span> <span class='ocrx_word' id='word_1_311' title='bbox 1084 3631 1261 3714; x_wconf 75' lang='lat' dir='ltr'><strong>apotheosi,</strong></span> <span class='ocrx_word' id='word_1_312' title='bbox 1279 3652 1347 3692; x_wconf 85' lang='lat' dir='ltr'><strong>eru·</strong></span> 
     </span>
     <span class='ocr_line' id='line_1_39' title="bbox 258 3715 1345 3801; baseline 0 -23"><span class='ocrx_word' id='word_1_313' title='bbox 258 3718 335 3778; x_wconf 87' lang='lat' dir='ltr'><strong>dite:</strong></span> <span class='ocrx_word' id='word_1_314' title='bbox 365 3715 403 3776; x_wconf 89' lang='lat' dir='ltr'><strong>de</strong></span> <span class='ocrx_word' id='word_1_315' title='bbox 424 3717 558 3790; x_wconf 87' lang='lat' dir='ltr'><strong>nomine,</strong></span> <span class='ocrx_word' id='word_1_316' title='bbox 587 3719 785 3795; x_wconf 77' lang='lat' dir='ltr'><strong>simulachro,</strong></span> <span class='ocrx_word' id='word_1_317' title='bbox 806 3722 919 3801; x_wconf 83' lang='lat' dir='ltr'><strong>templo</strong></span> <span class='ocrx_word' id='word_1_318' title='bbox 941 3721 1218 3780; x_wconf 84' lang='lat' dir='ltr'><strong>Ecclesiasticorum</strong></span> <span class='ocrx_word' id='word_1_319' title='bbox 1240 3718 1345 3778; x_wconf 79' lang='lat' dir='ltr'><strong>trust</strong></span> 
     </span>
     <span class='ocr_line' id='line_1_40' title="bbox 258 3801 688 3867; baseline -0.005 -5"><span class='ocrx_word' id='word_1_320' title='bbox 258 3801 399 3862; x_wconf 87' lang='lat' dir='ltr'><strong>conditor</strong></span> <span class='ocrx_word' id='word_1_321' title='bbox 417 3801 560 3861; x_wconf 79' lang='lat' dir='ltr'><strong>Beronius</strong></span> <span class='ocrx_word' id='word_1_322' title='bbox 576 3811 646 3862; x_wconf 87' lang='lat' dir='ltr'><strong>tom.</strong></span> <span class='ocrx_word' id='word_1_323' title='bbox 659 3804 688 3867; x_wconf 78' lang='grc'><strong>4.</strong></span> 
     </span>
    </p>

    <p class='ocr_par' dir='ltr' id='par_1_9' title="bbox 213 3881 1345 4216">
     <span class='ocr_line' id='line_1_41' title="bbox 213 3881 1344 3968; baseline -0.003 -18"><span class='ocrx_word' id='word_1_324' title='bbox 213 3925 215 3929; x_wconf 93' lang='grc'>-</span> <span class='ocrx_word' id='word_1_325' title='bbox 334 3881 468 3966; x_wconf 61' lang='lat' dir='ltr'><strong>&#39;iignum</strong></span> <span class='ocrx_word' id='word_1_326' title='bbox 481 3883 498 3949; x_wconf 79' lang='grc' dir='ltr'>ὁ</span> <span class='ocrx_word' id='word_1_327' title='bbox 512 3883 563 3946; x_wconf 76' lang='grc' dir='ltr'><strong>καὶ</strong></span> <span class='ocrx_word' id='word_1_328' title='bbox 581 3881 757 3965; x_wconf 65' lang='lat' dir='ltr'><strong>litigiorum]</strong></span> <span class='ocrx_word' id='word_1_329' title='bbox 779 3884 839 3942; x_wconf 84' lang='lat' dir='ltr'><strong>Sub</strong></span> <span class='ocrx_word' id='word_1_330' title='bbox 853 3904 913 3961; x_wconf 88' lang='lat' dir='ltr'><strong>quo</strong></span> <span class='ocrx_word' id='word_1_331' title='bbox 930 3883 1144 3963; x_wconf 84' lang='lat' dir='ltr'><strong>prosectionem</strong></span> <span class='ocrx_word' id='word_1_332' title='bbox 1159 3904 1198 3944; x_wconf 83' lang='lat' dir='ltr'><strong>ex</strong></span> <span class='ocrx_word' id='word_1_333' title='bbox 1210 3884 1344 3968; x_wconf 75' lang='lat' dir='ltr'><strong>Aegypto</strong></span> 
     </span>
     <span class='ocr_line' id='line_1_42' title="bbox 259 3967 1345 4052; baseline 0.003 -22"><span class='ocrx_word' id='word_1_334' title='bbox 259 3972 392 4052; x_wconf 85' lang='lat' dir='ltr'><strong>abioyse</strong></span> <span class='ocrx_word' id='word_1_335' title='bbox 403 3979 570 4050; x_wconf 80' lang='lat' dir='ltr'><strong>susceptum</strong></span> <span class='ocrx_word' id='word_1_336' title='bbox 584 3967 725 4048; x_wconf 85' lang='lat' dir='ltr'><strong>Iosephus</strong></span> <span class='ocrx_word' id='word_1_337' title='bbox 741 3968 774 4024; x_wconf 89' lang='lat' dir='ltr'><strong>in</strong></span> <span class='ocrx_word' id='word_1_338' title='bbox 791 3967 954 4045; x_wconf 71' lang='lat' dir='ltr'><strong>Apioneur,</strong></span> <span class='ocrx_word' id='word_1_339' title='bbox 974 3967 1114 4029; x_wconf 83' lang='lat' dir='ltr'><strong>Tutiauus</strong></span> <span class='ocrx_word' id='word_1_340' title='bbox 1130 3970 1215 4032; x_wconf 73' lang='lat' dir='ltr'><strong>Orat.</strong></span> <span class='ocrx_word' id='word_1_341' title='bbox 1234 3973 1345 4033; x_wconf 78' lang='lat' dir='ltr'><strong>sdver-</strong></span> 
     </span>
     <span class='ocr_line' id='line_1_43' title="bbox 258 4051 1344 4140; baseline 0.002 -26"><span class='ocrx_word' id='word_1_342' title='bbox 258 4077 309 4114; x_wconf 89' lang='lat' dir='ltr'><strong>sus</strong></span> <span class='ocrx_word' id='word_1_343' title='bbox 331 4061 476 4129; x_wconf 83' lang='lat' dir='ltr'><strong>Graecos,</strong></span> <span class='ocrx_word' id='word_1_344' title='bbox 499 4065 529 4114; x_wconf 89' lang='lat' dir='ltr'><strong>et</strong></span> <span class='ocrx_word' id='word_1_345' title='bbox 549 4055 683 4112; x_wconf 83' lang='lat' dir='ltr'><strong>Clemens</strong></span> <span class='ocrx_word' id='word_1_346' title='bbox 697 4051 918 4112; x_wconf 77' lang='lat' dir='ltr'><strong>Alexandrinus</strong></span> <span class='ocrx_word' id='word_1_347' title='bbox 939 4055 1049 4115; x_wconf 74' lang='lat' dir='ltr'><strong>strom.</strong></span> <span class='ocrx_word' id='word_1_348' title='bbox 1070 4059 1100 4122; x_wconf 86' lang='lat'><strong>1.</strong></span> <span class='ocrx_word' id='word_1_349' title='bbox 1122 4075 1197 4137; x_wconf 81' lang='lat' dir='ltr'><strong>quos</strong></span> <span class='ocrx_word' id='word_1_350' title='bbox 1210 4057 1344 4140; x_wconf 87' lang='lat' dir='ltr'><strong>plerique</strong></span> 
     </span>
     <span class='ocr_line' id='line_1_44' title="bbox 258 4138 827 4216; baseline -0.005 -16"><span class='ocrx_word' id='word_1_351' title='bbox 258 4143 438 4201; x_wconf 82' lang='lat' dir='ltr'><strong>recentiores</strong></span> <span class='ocrx_word' id='word_1_352' title='bbox 455 4138 638 4216; x_wconf 86' lang='lat' dir='ltr'><strong>Chronologi</strong></span> <span class='ocrx_word' id='word_1_353' title='bbox 653 4145 827 4215; x_wconf 87' lang='lat' dir='ltr'><strong>sequuntur.</strong></span> 
     </span>
    </p>

    <p class='ocr_par' dir='ltr' id='par_1_10' title="bbox 258 4219 1343 4480">
     <span class='ocr_line' id='line_1_45' title="bbox 331 4219 1343 4307; baseline -0.003 -20"><span class='ocrx_word' id='word_1_354' title='bbox 331 4221 407 4305; x_wconf 74' lang='grc' dir='ltr'><strong>Ἔπη</strong></span> <span class='ocrx_word' id='word_1_355' title='bbox 422 4219 491 4307; x_wconf 62' lang='grc' dir='ltr'><strong>κβ]</strong></span> <span class='ocrx_word' id='word_1_356' title='bbox 515 4227 578 4284; x_wconf 87' lang='lat' dir='ltr'><strong>Duo</strong></span> <span class='ocrx_word' id='word_1_357' title='bbox 594 4242 630 4281; x_wconf 81' lang='lat' dir='ltr'><strong>sc</strong></span> <span class='ocrx_word' id='word_1_358' title='bbox 645 4220 753 4299; x_wconf 82' lang='lat' dir='ltr'><strong>viginti</strong></span> <span class='ocrx_word' id='word_1_359' title='bbox 766 4220 859 4280; x_wconf 82' lang='lat' dir='ltr'><strong>buius</strong></span> <span class='ocrx_word' id='word_1_360' title='bbox 874 4219 1026 4300; x_wconf 75' lang='lat' dir='ltr'><strong>Amorion,</strong></span> <span class='ocrx_word' id='word_1_361' title='bbox 1048 4244 1134 4303; x_wconf 85' lang='lat' dir='ltr'><strong>quem</strong></span> <span class='ocrx_word' id='word_1_362' title='bbox 1142 4225 1273 4287; x_wconf 76' lang='lat' dir='ltr'><strong>Amasim</strong></span> <span class='ocrx_word' id='word_1_363' title='bbox 1287 4245 1343 4285; x_wconf 88' lang='lat' dir='ltr'><strong>nu·</strong></span> 
     </span>
     <span class='ocr_line' id='line_1_46' title="bbox 258 4306 1342 4390; baseline 0.002 -25"><span class='ocrx_word' id='word_1_364' title='bbox 258 4326 314 4385; x_wconf 86' lang='lat' dir='ltr'><strong>per·</strong></span> <span class='ocrx_word' id='word_1_365' title='bbox 333 4308 416 4367; x_wconf 84' lang='lat' dir='ltr'><strong>citati</strong></span> <span class='ocrx_word' id='word_1_366' title='bbox 437 4312 598 4390; x_wconf 82' lang='lat' dir='ltr'><strong>scriptores</strong></span> <span class='ocrx_word' id='word_1_367' title='bbox 618 4306 786 4388; x_wconf 80' lang='lat' dir='ltr'><strong>appellant,</strong></span> <span class='ocrx_word' id='word_1_368' title='bbox 807 4315 887 4366; x_wconf 83' lang='lat' dir='ltr'><strong>stant</strong></span> <span class='ocrx_word' id='word_1_369' title='bbox 908 4307 1142 4369; x_wconf 85' lang='lat' dir='ltr'><strong>commodissime</strong></span> <span class='ocrx_word' id='word_1_370' title='bbox 1164 4331 1234 4370; x_wconf 89' lang='lat' dir='ltr'><strong>cum</strong></span> <span class='ocrx_word' id='word_1_371' title='bbox 1251 4307 1342 4369; x_wconf 74' lang='lat' dir='ltr'><strong>droth</strong></span> 
     </span>
     <span class='ocr_line' id='line_1_47' title="bbox 260 4388 1339 4480; baseline 0.001 -25"><span class='ocrx_word' id='word_1_372' title='bbox 260 4395 310 4456; x_wconf 77' lang='lat'><strong>24.</strong></span> <span class='ocrx_word' id='word_1_373' title='bbox 323 4394 426 4469; x_wconf 75' lang='lat' dir='ltr'><strong>antris,</strong></span> <span class='ocrx_word' id='word_1_374' title='bbox 440 4397 473 4463; x_wconf 74' lang='lat' dir='ltr'><strong>¹si</strong></span> <span class='ocrx_word' id='word_1_375' title='bbox 490 4405 588 4454; x_wconf 87' lang='lat' dir='ltr'><strong>tamen</strong></span> <span class='ocrx_word' id='word_1_376' title='bbox 608 4393 659 4452; x_wconf 88' lang='lat' dir='ltr'><strong>bic</strong></span> <span class='ocrx_word' id='word_1_377' title='bbox 675 4390 780 4450; x_wconf 87' lang='lat' dir='ltr'><strong>mundi</strong></span> <span class='ocrx_word' id='word_1_378' title='bbox 801 4410 895 4450; x_wconf 85' lang='lat' dir='ltr'><strong>anuos</strong></span> <span class='ocrx_word' id='word_1_379' title='bbox 907 4393 1175 4472; x_wconf 86' lang='lat' dir='ltr'><strong>velisemeudatos,</strong></span> <span class='ocrx_word' id='word_1_380' title='bbox 1197 4404 1227 4456; x_wconf 88' lang='lat' dir='ltr'><strong>et</strong></span> <span class='ocrx_word' id='word_1_381' title='bbox 1245 4388 1339 4480; x_wconf 71' lang='grc' dir='ltr'><strong>γψλξ.</strong></span> 
     </span>
    </p>
   </div>
   <div class='ocr_carea' id='block_1_3' title="bbox 0 0 1560 4959">
    <p class='ocr_par' dir='ltr' id='par_1_11' title="bbox 0 0 1560 4959">
     <span class='ocr_line' id='line_1_48' title="bbox 0 0 1560 4959; baseline 0 0"><span class='ocrx_word' id='word_1_382' title='bbox 0 0 1560 4959; x_wconf 95' lang='lat' dir='ltr'><strong> </strong></span> 
     </span>
    </p>
   </div>
  </div>
 </body>
</html>
