3109 4959
159 441 166 468 ¹
211 427 213 430 ’
267 424 344 501 892
650 429 996 502 EMENDATIONES

267 589 364 672 heus,
385 606 425 650 ex
441 588 503 652 illis
522 587 622 654 uerbis
643 587 813 653 Historicae
833 607 933 649 rerum
950 606 1102 649 escarum
1124 585 1288 667 cognitioni
1302 605 1359 645 so-

268 673 373 737 cessit!

340 751 445 839 »Ἀμφὶ
456 753 493 821 ed
506 754 571 840 τν’.]
593 759 703 820 Scribit
719 758 916 836 Hieronymus
931 756 966 816 iu
978 757 1117 818 versione
1138 751 1360 834 Cecropemrel

268 840 372 904 Mosen
386 843 560 904 antecedere
576 843 688 904 bellum
703 845 865 904 Troianum
880 841 967 902 annis
982 843 1055 908 375.
1077 843 1200 900 Latinus
1219 857 1360 898 numerus

267 927 380 1008 primos
400 926 540 1008 Cecropis
560 948 652 988 annos
675 929 832 998 terminat,
862 926 940 987 ulter
954 924 1137 987 Athenarum
1154 925 1191 983 sb
1207 943 1242 982 eo
1263 922 1360 1000 posita

268 1011 471 1073 fundamento.
498 1012 671 1075 Eustathius
692 1015 729 1072 ab
752 1011 861 1072 illatio
880 1010 979 1070 editus
998 1031 1037 1071 ex
1056 1007 1180 1071 Eusebii
1191 1005 1291 1068 verbis
1310 1007 1360 1064 lo-

267 1115 363 1174 quens
376 1115 523 1156 annorum
538 1093 591 1159 τν’.
605 1099 666 1159 MS.
687 1097 811 1175 Regium
827 1094 959 1156 sinodum
975 1094 1128 1157 Eustuthii
1144 1093 1254 1153 Codice
1269 1094 1360 1159 1027.

268 1179 345 1244 δτιδν
357 1181 518 1244 διακοσίων
530 1181 721 1242 intervallum
734 1181 833 1261 ponit.

351 1266 419 1343 Ptg·
434 1269 487 1331 67.
499 1260 569 1327 Ὅτι
584 1262 639 1345 μὲν
652 1257 709 1328 osio
722 1260 812 1340 αδτδς
825 1262 923 1348 tempi
933 1259 991 1344 τήν
1003 1259 1157 1345 domiin]
1179 1260 1262 1322 Adeo
1276 1259 1362 1320 ineo·

266 1345 378 1408 lentem
392 1347 512 1426 Georgii
526 1347 786 1429 reprehensionem
803 1369 867 1409 non
881 1349 940 1407 iert
954 1349 1072 1408 Eusebii
1092 1348 1205 1407 vindex
1221 1344 1361 1422 Scaliger.

266 1432 347 1507 Hic,¹
369 1430 549 1511 inquietior.
561 1453 626 1512 pag.
645 1439 696 1500 12.
708 1441 737 1495 et
751 1438 800 1501 13.
821 1453 971 1492 moresuo
987 1434 1139 1512 Georgius
1161 1451 1272 1490 manue
1291 1447 1362 1486 cum

266 1514 401 1574 Eusebio
426 1513 535 1574 stolide
551 1522 703 1594 conatu,
725 1517 810 1600 quod
828 1515 978 1578 adversus
1002 1528 1047 1576 tot
1068 1520 1271 1596 scriptorum,
1298 1523 1364 1570 tom

270 1599 525 1678 Christianorum,
542 1623 634 1680 quam
648 1601 832 1664 Iudaeorum
845 1603 1024 1662 sinteutium
1034 1604 1140 1662 Mosen
1152 1601 1240 1676 insta
1254 1595 1364 1656 Iesuolei

267 1693 402 1763 tempora
415 1688 513 1763 ponit.
556 1689 631 1746 Duo
646 1690 750 1769 itaque
762 1688 887 1746 obiicit:
909 1684 997 1766 quod
1012 1706 1092 1745 novo
1105 1685 1260 1764 proferat,
1282 1675 1366 1761 quod

231 1842 232 1846 Ἰ
265 1760 478 1831 σῖναττόδτιιιτα.
500 1771 551 1829 De
559 1774 682 1849 priore,
703 1775 809 1852 inique
821 1772 913 1846 facit.
937 1771 1021 1829 Num
1035 1767 1121 1848 quod
1142 1770 1276 1826 omnium
1291 1786 1362 1824 ooa-

266 1872 356 1911 ssnsu
379 1863 526 1930 receptum
550 1865 609 1930 est,
631 1864 659 1912 et
679 1865 809 1934 tempore
814 1853 914 1933 sedem
932 1856 1057 1930 meruit,
1078 1854 1293 1930 concoquitur
1312 1871 1362 1907 rre-

267 1938 399 1997 oereurio
412 1957 518 1995 verum
531 1958 600 1996 esse.
629 1940 680 1998 De
696 1940 810 2015 altero,
830 1959 924 2017 neque
938 1941 1007 2015 iure·
1020 1936 1062 1996 id
1072 1937 1249 2017 eepoetulat.
1280 1935 1363 1993 Nam

267 2039 301 2077 eo
318 2022 419 2098 magia
431 2017 506 2078 leaeo
523 2018 727 2082 demonstrare
746 2021 1056 2100 debuccinemus,
1077 2043 1137 2102 quo
1150 2023 1253 2099 mgis
1264 2017 1363 2076 homi·

266 2122 343 2162 num
355 2104 487 2162 haereret
501 2109 614 2164 animis
628 2105 664 2165 de
676 2110 823 2167 immerita
836 2118 984 2166 vetustate
998 2109 1095 2167 Moris
1108 2108 1266 2178 cententio,
1280 2098 1365 2181 quod

260 2189 347 2264 socii
359 2189 395 2250 iu
405 2189 605 2268 sequentibus.
635 2191 788 2250 Adversus
801 2190 877 2248 hoec
892 2190 995 2267 paucis
1016 2189 1135 2247 Author
1151 2187 1216 2267 ipae
1236 2205 1364 2265 respou-

269 2271 329 2329 det.
353 2270 558 2329 Pericrdosum
580 2281 625 2332 est
641 2273 826 2351 sapientibus
849 2266 1032 2346 ducentario,
1055 2265 1231 2352 ipsipropdo
1254 2290 1286 2330 τι
1307 2264 1364 2334 triv

268 2344 345 2433 παρ’
364 2351 473 2415 ἑαυτοῦ
485 2349 610 2436 γνώμην
629 2360 868 2439 παρεισαγαγεῖν.
888 2359 919 2421 2.
946 2354 981 2412 Si
1001 2355 1131 2435 Cecrops
1148 2352 1225 2414 hiosi
1239 2362 1364 2413 coaeta-

269 2455 362 2514 neus,
390 2456 461 2496 saue
480 2437 576 2502 liores
593 2459 656 2499 nou
677 2451 722 2500 est
742 2439 893 2520 antiquior
912 2439 998 2515 lore,
1027 2458 1096 2498 oum
1115 2438 1251 2518 luppiter
1268 2445 1364 2497 setats

174 2526 207 2582 V.
220 2527 257 2584 Β
271 2519 361 2598 longe
381 2530 501 2602 superet
519 2523 696 2604 Cecropem:
725 2534 756 2585 et
777 2523 921 2584 Eusebius
946 2521 1014 2604 ipse
1033 2524 1073 2584 ud
1093 2522 1242 2599 Abraham
1268 2542 1363 2582 anuos

266 2605 367 2666 Iovem
379 2604 506 2666 inducat
520 2609 727 2682 accedentem,
748 2608 801 2668 ubi
817 2608 856 2667 ad
871 2607 936 2667 eius
950 2628 1063 2667 annum
1076 2609 1149 2675 205.
1177 2607 1271 2666 Niobe
1291 2607 1363 2687 pri-

267 2709 333 2750 mae
347 2690 479 2750 omnium
492 2692 612 2752 mulieri
626 2691 755 2752 mixtum
767 2693 868 2752 lovem
881 2713 919 2752 ex
934 2693 1116 2753 Graecorum
1128 2693 1274 2753 relatione
1288 2713 1362 2752 nar-

266 2783 325 2835 rat.
345 2777 376 2839 3.
404 2775 473 2834 Non
488 2776 590 2856 potuit
610 2776 683 2838 adeo
703 2777 858 2857 proprium
880 2776 998 2837 firmare
1014 2777 1192 2836 sententiam
1207 2776 1362 2852 Eusebius,

267 2867 303 2918 ut
316 2855 471 2919 hominum
485 2859 592 2920 animis
605 2858 738 2922 haereret
752 2861 947 2922 inconcussae
970 2880 1043 2921 oum
1055 2860 1285 2938 chronologiam
1300 2884 1363 2922 τια-

267 2947 456 3024 ραναδιῦσαι
467 2944 624 3006 Eoeebium
636 2941 764 3007 fateatur
782 2946 915 3022 Scaliger
926 2945 963 3007 ud
983 2965 1049 3026 pag.
1068 2951 1121 3013 62.
1145 2954 1231 3004 notos
1244 2965 1263 3003 s
1275 2944 1362 3005 nobis

267 3025 397 3086 relatus:
419 3028 501 3108 qnod
525 3027 644 3090 Author
661 3031 773 3110 pariter
786 3031 933 3112 exprobat
946 3030 979 3089 in
996 3030 1197 3109 sequentibus.
1216 3023 1292 3094 ’ὅθεν
1310 3028 1362 3091 eol

267 3106 325 3190 τήν
335 3103 411 3190 παρ’
420 3112 595 3197 Αἰγυπτίων
608 3117 669 3178 τοῖν
682 3113 849 3200 λεγομένοιν
860 3117 1043 3178 δυναστειῶν
1056 3107 1282 3195 moeoioeooeo
1294 3137 1361 3194 χρο-

267 3195 410 3278 oolopiou
430 3205 487 3255 eto.
508 3217 575 3276 pag.
596 3217 657 3278 seq.
677 3198 711 3258 B.
731 3199 887 3259 Rationem
908 3208 1045 3278 quartum
1066 3198 1196 3282 reperies
1217 3197 1252 3257 in
1272 3197 1362 3258 Notis

269 3277 464 3340 eruditissimi
477 3281 579 3340 Allatii
596 3282 630 3342 iu
644 3282 795 3344 Euatuthii
806 3281 1045 3344 Hexahemeron.

342 3357 413 3427 ’Ότι
433 3360 467 3427 δὲ
487 3363 519 3441 ἐξ
538 3364 646 3448 ἐτέρων
666 3366 780 3451 rocoa]
807 3369 930 3445 Multo,
950 3369 1051 3448 inquit
1070 3367 1221 3446 Scaliger,
1250 3362 1363 3423 adiicit

272 3446 423 3527 Georgius
434 3451 572 3508 consulto
586 3449 762 3512 omittenda.
783 3452 936 3513 Feliciterr
951 3453 1083 3512 consulit
1096 3449 1268 3531 ipeesaluti.
1282 3450 1363 3508 Con·

268 3530 366 3589 cludit
384 3533 499 3612 paucis.
530 3536 679 3614 Georgius
697 3536 758 3596 hoo
783 3539 817 3596 in
831 3549 924 3617 parte
944 3537 1244 3596 coretumeliooiosime
1260 3534 1362 3591 Euse-

268 3612 354 3672 bium
370 3618 491 3694 ασαίρίι.
512 3617 683 3690 Quinimmo
698 3621 838 3702 promissi
851 3642 913 3682 nou
924 3620 1018 3681 soluti
1031 3620 1139 3698 arguit,
1159 3627 1190 3677 et
1203 3617 1362 3678 memorius

268 3696 371 3778 lapsus
388 3709 490 3758 monet
503 3699 712 3766 immemorem.

355 3785 482 3864 Πρῶτον
504 3778 558 3861 μὲν
582 3783 800 3868 διαψεύδεται]
835 3788 980 3846 Iniuriam
1000 3783 1120 3864 repellit
1140 3783 1272 3862 Scaliger
1294 3806 1360 3865 pag.

267 3866 338 3927 Noe.
360 3870 411 3932 12.
438 3867 617 3926 Petulanter
633 3881 660 3927 et
675 3882 798 3950 praeter
816 3869 959 3929 decorum
980 3869 1098 3928 Ιιοιιιὶιιί
1112 3869 1266 3928 insonans
1285 3870 1361 3930 leaeo

269 3952 405 4010 eubiioit.
426 3945 474 4013 δτι
486 3948 520 4014 δὲ
531 3949 583 4014 eol
593 3948 631 4014 eol
646 3951 723 4034 ἑξῆς.
747 3955 853 4013 Multo
866 3957 932 4013 aliu
944 3957 1048 4032 irrepta
1060 3951 1179 4029 adiicit,
1197 3947 1277 4035 qieue
1290 3978 1360 4015 cou-

268 4037 353 4095 eulto
377 4037 557 4099 omittimus.
585 4038 675 4095 Dicit
694 4040 793 4116 igitur
812 4041 844 4096 in
860 4039 917 4098 lioo
928 4059 1082 4117 peooosee,
1104 4037 1190 4118 quod
1205 4061 1275 4099 oum
1285 4061 1360 4121 pro-

261 4123 370 4198 sessus
384 4124 426 4180 rit
440 4141 472 4179 oe
491 4121 663 4180 Hebraicoa
681 4142 821 4181 aunuroo
836 4122 1017 4183 Iudaeorum
1033 4135 1236 4204 sequuturum
1240 4127 1359 4201 fuisse,

269 4226 409 4265 numeror
424 4216 524 4266 tanuen
538 4209 591 4272 70.
612 4216 759 4286 aequatur
773 4209 808 4266 iu
817 4211 921 4287 priori
929 4219 1035 4290 parter
1056 4207 1140 4290 quod
1155 4211 1298 4288 quamuis
1312 4228 1361 4265 oe-

270 4309 338 4347 rum
353 4301 396 4348 eet
410 4288 465 4370 (ita
475 4300 635 4371 patronum
649 4291 726 4369 agit,
746 4301 783 4352 ut
796 4292 934 4354 admittat
947 4293 1073 4372 cumen)
1090 4303 1192 4351 tumea
1205 4291 1360 4350 Eusebius

270 4373 414 4454 intelligit
437 4396 468 4434 re
496 4376 535 4434 ub
559 4375 723 4436 Abraham
748 4373 795 4436 ad
815 4381 920 4460 templi
953 4377 1106 4444 “Mum
1132 4373 1279 4454 ludam,
1307 4395 1360 4456 qm
