3109 4959
255 433 334 510 242
616 440 964 513 EMENDATIONES

260 600 435 677 Phoroneo,
458 603 516 682 qul
534 596 636 661 dietus
648 599 835 682 estprinsusj
857 611 887 662 st
902 599 939 660 ds
952 599 1068 679 Neobe,
1078 579 1117 658 'et
1128 622 1208 681 quae
1217 604 1346 680 suerunt

258 697 329 767 post
343 682 501 750 diluvium.
546 687 710 768 Experiunt
726 686 801 746 haec
822 706 895 765 quse
908 706 1000 767 supra
1020 686 1058 745 de
1078 685 1155 763 Argo
1168 697 1203 746 et
1220 689 1347 767 Sicyone

261 770 459 851 Peloponnesi
467 771 606 850 urbibus,
627 791 761 852 quaeque
774 773 854 832 inira
869 771 906 831 de
918 771 1021 852 Ogygo
1036 779 1066 829 et
1083 770 1147 831 eius
1165 771 1291 833 diluvio.

346 883 432 951 Karai
443 884 568 964 τούτους
580 885 652 963 roric
665 885 810 970 χρόνους]
830 889 935 950 Inachi
948 890 997 950 vel
1010 888 1157 949 Pharonei
1167 891 1347 950 Graecorum

263 972 462 1052 antiquissimi
479 975 576 1034 habiti
595 983 728 1054 tempore
749 975 877 1034 celebres
894 974 976 1035 viros
990 974 1145 1056 0gygmn,
1165 973 1347 1051 Tlressalum,

264 1059 379 1116 Cretera
399 1059 454 1117 sibi
477 1079 566 1140 regna
583 1059 760 1119 instaurasse
783 1059 815 1117 in
830 1059 944 1137 Attica,
966 1058 1133 1135 Thessalia,
1155 1059 1257 1134 Creta,
1278 1078 1347 1116 me-

260 1152 358 1202 morat
375 1140 493 1204 dutbor
510 1166 547 1204 ex
566 1145 716 1203 Clemente
734 1143 946 1205 Alexandrino.
988 1143 1092 1203 Trium
1111 1143 1233 1204 illorum
1251 1143 1348 1223 prima

260 1227 405 1286 latercula
427 1248 584 1306 regnorum
601 1217 735 1310 disponit
756 1227 880 1289 Iacobus
900 1228 1066 1290 Auzolaeus
1084 1227 1184 1288 dictus
1206 1228 1236 1287 la
1257 1229 1351 1308 Peyre

260 1312 292 1370 in
306 1311 503 1391 chronologia
516 1322 617 1373 sancta
636 1333 720 1394 pagg.
739 1315 810 1380 193.
821 1313 894 1380 255.
911 1324 940 1375 et
954 1315 1025 1380 257.

340 1423 392 1490 Ἐν
411 1426 569 1514 Τριρτόνιδτ
582 1430 703 1516 λίμνη]
725 1431 842 1510 Ecquid
859 1432 990 1508 Scaliger
1003 1430 1113 1509 absque
1131 1429 1351 1510 praepositione

259 1511 411 1588 scribens,
434 1515 580 1573 coniectat
594 1515 768 1592 legendum:
793 1515 936 1596 Τριτωνὶς
952 1516 1042 1596 λίμνη
1059 1517 1179 1594 Ἀθηνᾶ
1195 1508 1350 1594 παρ’Ἕλ-

258 1600 346 1675 torosa
368 1591 546 1676 ω’νομάσθη.
588 1598 629 1657 At
648 1617 744 1676 neque
764 1599 899 1659 Tritonia
921 1600 1007 1679 palus
1029 1599 1110 1658 dicta
1130 1607 1175 1658 est
1198 1599 1351 1658 Minervas

257 1699 355 1758 neque
374 1681 507 1742 llinerva
520 1680 655 1742 Tritonia
670 1685 773 1762 palus,
795 1684 866 1743 licet
883 1685 1016 1744 Tritonis
1029 1693 1082 1743 aut
1098 1683 1234 1745 Tritonia
1252 1703 1268 1739 a
1289 1702 1352 1762 pa-

258 1766 330 1824 lude
350 1764 389 1823 sit
403 1775 584 1845 nuncupata.
628 1768 750 1848 Repono
770 1769 935 1829 correctius
954 1769 993 1829 ad
1008 1768 1127 1828 Eusebii
1142 1766 1241 1827 Latini
1258 1766 1351 1827 verba

259 1849 298 1907 ad
313 1849 447 1910 Abrahae
460 1872 572 1910 annum
586 1852 658 1918 225.
692 1853 846 1913 l'horoner‘
863 1853 1048 1931 temporebus
1062 1851 1150 1933 opud
1161 1854 1265 1910 lacum
1286 1853 1351 1912 trs·-

239 1931 392 1991 'toru'dem
405 1939 491 2012 uirgo
509 1939 670 2013 apparuitj
693 1957 788 2012 queens
803 1939 914 1996 θνατοί
931 1939 1103 1997 Μίωτννααο
1120 1944 1349 2011 nuncuparunt.

257 2015 300 2118 ἐνΙ
308 2011 466 2098 Torroirsls
474 2019 565 2104 λίμνη
578 2015 732 2102 παρθένος
746 2013 857 2100 ἐφάνη,
871 2017 896 2101 η
909 2017 1131 2103 augustano
1143 2013 1258 2099 Ἀθηνᾶ
1276 2010 1349 2080 siro-

258 2108 373 2181 uass.

348 2206 482 2282 Τελχῖνες
503 2199 556 2264 sat
577 2196 765 2284 depossitus]
797 2201 942 2264 Eusebius
962 2203 1096 2267 Latinus.
1152 2203 1305 2284 Tbltophie
1324 2213 1353 2261 et

261 2285 402 2348 Curretia
416 2285 563 2346 adversus
578 2287 770 2346 Phoroneum
784 2289 953 2348 instituunt
967 2289 1088 2352 bellum,
1115 2288 1182 2348 Non
1197 2289 1353 2348 nationum

257 2373 308 2432 vel
320 2372 468 2448 gentium,
485 2371 537 2429 sed
550 2371 671 2449 propria
686 2372 822 2430 virorum
835 2383 905 2431 sunt
917 2375 997 2452 apud
1011 2394 1080 2433 eum
1093 2373 1256 2433 vocabula:
1278 2393 1354 2450 quo·

257 2473 326 2514 rum
342 2454 442 2513 variae
456 2454 598 2513 lectiones
612 2454 691 2534 apud
705 2455 870 2514 Pontacuns
886 2455 1082 2533 singularium
1095 2457 1229 2516 virorum
1245 2457 1352 2534 appel-

256 2538 383 2598 lationes
398 2558 459 2600 esse
474 2538 672 2601 subindicant.
683 2577 695 2601 .
712 2538 808 2598 Addit
821 2548 920 2599 tamen
939 2540 1004 2619 ipse
1014 2542 1172 2600 Ponticus.
1212 2539 1352 2599 Straboni

258 2632 289 2682 et
308 2623 437 2683 Diodoro
460 2623 510 2686 lih.
534 2624 563 2691 5.
587 2623 643 2701 legi
671 2622 824 2682 Telchines
829 2646 840 2700 ,-
863 2622 982 2704 hocque
1007 2634 1094 2705 pacto
1116 2622 1235 2697 Georgii
1253 2625 1351 2683 nostri

257 2708 400 2767 Graecam
414 2708 572 2768 lectionem
589 2709 741 2788 probatam
757 2710 907 2789 relinquit.
951 2709 1010 2768 llos
1024 2729 1115 2788 porra
1127 2708 1284 2768 Telchines
1299 2728 1351 2787 pa·

255 2793 314 2851 tria
330 2795 482 2852 Cretenses
498 2815 533 2852 ac
549 2795 667 2852 Curetes
684 2794 837 2854 Strabonis
853 2794 905 2854 lib.
928 2799 978 2861 10.
1000 2794 1108 2853 deinde
1124 2792 1256 2853 lllrodios
1272 2794 1353 2852 eius·

256 2877 325 2936 dem
345 2878 397 2936 tib.
421 2883 470 2942 14.
493 2878 656 2937 celebratos
676 2878 825 2940 existimo.
865 2878 995 2944 incisive
1011 2873 1042 2940 δ’
1055 2871 1187 2959 ηῬόδος
1203 2872 1352 2960 πρότερον

256 2955 402 3039 Ὀφιοῦσα
414 2961 465 3022 καὶ
480 2963 609 3037 Σταδίει,
632 2957 693 3024 εἶτα
710 2963 858 3042 Tuguria,
878 2958 938 3026 α’ττὸ
957 2967 1019 3026 τοῖν
1038 2957 1228 3042 οἰκησάντων
1249 2963 1352 3041 Τελχί-

256 3067 321 3107 νων
341 3043 397 3126 την
422 3039 532 3125 rhoea·
564 3041 619 3119 οὓς
637 3043 741 3126 οἱμὲν
766 3042 938 3128 βασκάνους
958 3045 1034 3125 φασὶ
1056 3042 1246 3130 satyrianus·
1267 3048 1299 3110 ol
1317 3043 1352 3108 bi

257 3127 373 3208 τέχναις
388 3129 602 3212 διαφέροντας,
624 3125 803 3194 τούναντίον
821 3129 883 3195 sini
898 3137 961 3193 saio
979 3126 1158 3212 ἆντιτέχνων
1178 3133 1351 3213 haeseriti-

256 3236 309 3276 ναι
319 3258 328 3287 ,
350 3215 403 3278 sni
421 3219 477 3296 της
493 3215 665 3294 decennius
683 3221 782 3294 τυχεῖν
797 3211 917 3295 ταύτης.
944 3214 1047 3278 ἐλθεῖν
1065 3211 1098 3279 t'
1112 3217 1146 3280 ln
1163 3211 1285 3296 Κρήτης
1307 3215 1352 3289 εἰς

257 3291 386 3378 Κύπρον
400 3304 536 3380 πρῶτον,Ἰ
557 3294 612 3362 els’
626 3300 669 3373 εἰς
683 3297 792 3364 ‘Psilon
835 3298 964 3359 Rhodus
987 3304 1077 3360 initio
1096 3299 1182 3360 dicto
1200 3303 1350 3380 Ophiusa,

256 3393 350 3461 atque
373 3383 501 3443 Stadia:
523 3382 630 3444 deinde
652 3385 803 3446 Telchinis
824 3386 864 3444 ab
881 3385 1127 3446 hslurhilontt'hue
1146 3407 1211 3444 eum
1229 3383 1351 3444 Telchi-

256 3467 355 3528 nlhus.
395 3469 459 3525 Hos
472 3470 532 3526 uh'i
541 3473 750 3547 fascinatores
763 3482 792 3528 et
805 3473 1060 3551 praestigiatores
1073 3468 1270 3551 praedicunt:
1291 3466 1351 3524 alis·

257 3572 327 3610 cuns
341 3552 512 3610 excellerent
526 3555 662 3632 ortibus,
684 3558 820 3614 inuisum
834 3557 875 3613 iis
888 3555 1040 3614 abrorum
1054 3556 1182 3614 aemulis
1192 3555 1298 3623 seirent,
1322 3558 1351 3606 et

161 3640 192 3695 P.
208 3637 243 3698 43
258 3637 316 3696 hoc
328 3637 478 3713 infamiae
491 3639 638 3700 retulisse.
680 3642 713 3700 E
728 3639 818 3700 Creta
830 3643 1022 3721 sosprimum
1036 3643 1069 3698 in
1089 3640 1231 3715 (lepram,
1244 3631 1353 3692 deinde

257 3720 402 3784 Rhodum
416 3723 537 3782 senisse.
580 3723 774 3804 Peloponnesi
792 3735 890 3784 tamen
906 3725 987 3783 avito
1005 3724 1067 3783 solo
1088 3719 1246 3780 Telchinas
1266 3729 1351 3778 ortos

257 3806 390 3867 declarat
402 3804 518 3866 hutlror
531 3805 655 3866 inferius
671 3829 737 3888 pag.
754 3811 826 3876 149.
839 3812 872 3872 Β.
888 3808 940 3886 qui
955 3809 1062 3867 eiectos
1078 3804 1217 3864 lllrodurn
1233 3802 1352 3884 Ophiu-

257 3913 322 3952 sam
341 3891 413 3952 olim
436 3891 546 3952 dictatu
569 3892 695 3952 tenuisse
714 3905 849 3955 testatur.
890 3894 1029 3952 Praesens
1047 3891 1146 3968 itaque
1167 3888 1249 3947 locus
1263 3886 1352 3950 alteri

255 3976 334 4036 belle
350 3985 503 4039 consonat.
545 3974 702 4036 Telchines
715 3979 795 4037 enim
810 3988 841 4037 et
856 3977 944 4036 Cares
961 3976 1024 4035 sive
1046 3976 1202 4033 Caraeatae
1223 3983 1256 4032 et
1276 3974 1352 4034 Par-

255 4060 350 4122 rhasii
367 4060 561 4144 Peloponnesi
580 4061 700 4120 luerunt
713 4061 839 4122 incolae.
881 4061 923 4119 lle
939 4059 1071 4134 Carsais,
1093 4058 1157 4118 sive
1173 4058 1277 4139 Caryis
1293 4058 1352 4117 alia

257 4147 396 4206 observat
416 4147 546 4227 Scaliger
563 4145 720 4206 Animadv.
737 4166 802 4226 pag.
818 4150 868 4212 20.
911 4145 1051 4225 lluplices
1069 4143 1174 4203 statuit
1191 4143 1353 4204 Arcadicos

257 4240 287 4290 et
299 4233 461 4294 Laconicas
477 4232 585 4314 quibus
598 4228 675 4289 addo
690 4229 831 4290 Chienses
851 4229 960 4289 Vicum
974 4230 1011 4288 ad
1027 4249 1166 4309 passuum
1181 4228 1241 4290 duo
1257 4227 1352 4289 millia

258 4315 294 4372 ab
309 4316 382 4374 urbe
395 4317 469 4376 Chio
477 4365 488 4393 ,
510 4317 594 4378 cuius
612 4315 728 4374 incolae
745 4318 932 4395 Kaposoiaus,
954 4314 1117 4394 eodemque
1131 4313 1252 4376 nornine
1265 4313 1352 4392 igno·

256 4397 331 4460 biles
347 4402 458 4480 quique
473 4402 558 4464 vanis
573 4420 608 4461 ae
622 4399 756 4482 superbis
770 4399 837 4460 Chii
851 4400 966 4474 civibus
979 4399 1069 4461 hodie
1086 4399 1168 4461 dicti.
