3109 4959
285 428 362 502 448
660 443 1005 512 EMENDATIONES

283 599 387 658 refert:
409 595 489 656 hanc
508 595 671 659 secundum
689 597 757 675 quia
775 618 836 657 nen
856 599 990 675 agnoscit
1010 597 1175 680 Eusebius,
1195 601 1250 663 sub
1270 603 1371 687 priore

284 684 396 743 cladem
409 682 519 740 illatam
533 682 626 759 ponit.
671 682 786 740 Author
799 703 889 761 supra
906 704 973 761 pag.
991 684 1059 748 151.
1074 685 1109 742 B.

365 761 526 846 Ἀσσυρίων
540 761 592 846 tp'·
608 766 816 845 ἐβασίλευσεν]
839 768 885 826 Ex
901 767 1025 827 Eusebio
1041 769 1145 828 Latino
1164 771 1282 832 restitui
1297 771 1372 831 Thi-

282 871 405 910 naemu:
423 851 503 929 apud
518 870 584 908 curn
601 850 710 929 quippe
725 851 872 911 'l'lrinaeus
888 852 940 911 hio
954 853 1115 911 Dereillunr
1127 858 1286 920 antecedit.

186 932 264 996 nte
365 931 526 1014 Ἀρμαῖος]
549 935 676 1012 Scaliger
690 955 753 1014 pag.
769 942 820 1001 26.
833 947 862 994 et
879 943 930 1002 27.
952 937 1084 996 Armais:
1105 959 1194 1016 quam
1210 941 1370 1002 lectionem

280 1019 398 1100 lescplri
413 1020 465 1078 lib.
480 1026 506 1084 1.
526 1019 667 1077 adversus
681 1021 828 1098 Apioncm
845 1041 882 1079 cx
895 1020 1074 1081 Menethene
1094 1023 1234 1086 observat
1252 1026 1369 1086 Pente-

281 1125 350 1166 cus:
371 1123 423 1180 ego
437 1103 523 1163 editis
535 1103 650 1162 Eusebii
665 1105 798 1168 alienam.

362 1183 503 1268 Ἀργείων
525 1184 571 1248 ια’.
591 1187 780 1268 ἐβασίλευσεν
800 1181 967 1271 Λυγκεία]
1004 1187 1117 1267 Lyncei
1138 1210 1261 1269 regnum
1288 1209 1368 1248 anno

280 1273 384 1331 1111111111
404 1276 494 1338 4122.
518 1271 716 1332 inchoandum
738 1275 941 1334 deureustrant
957 1273 1028 1332 anni
1045 1273 1138 1332 llansi
1156 1280 1206 1341 68.
1221 1296 1238 1334 a
1253 1274 1369 1353 vulgari

279 1358 384 1416 usundi
400 1360 489 1422 4064.
504 1357 642 1416 ducentes
657 1357 794 1432 initium,
817 1369 847 1418 et
859 1361 891 1417 iu
904 1360 997 1423 4122.
1008 1358 1184 1418 desinentes.
1329 1361 1332 1366 ’

360 1436 499 1522 Ἀργείων
516 1436 564 1522 ιβ’.
578 1441 765 1521 ἐβασίλευσεν
773 1440 886 1522 Ἄβας]
901 1444 997 1500 Locus
1010 1443 1048 1502 'ex
1062 1442 1188 1501 Eusebio
1203 1441 1309 1500 Latino
1322 1441 1368 1499 in.

278 1526 451 1605 terpolatus.
481 1545 555 1603 quos
578 1527 671 1585 tribui
689 1531 739 1591 37.
763 1529 833 1586 anni
860 1548 896 1586 ex
917 1530 1146 1606 Lyncei'aetate
1173 1528 1368 1603 colliguntur.

278 1610 350 1669 Post
364 1611 502 1668 ultimum
520 1611 598 1668 enirn
620 1613 681 1669 eius
697 1631 807 1670 1111111111
827 1610 858 1670 in
876 1632 1062 1671 communem
1079 1611 1184 1670 mundi
1207 1614 1299 1676 4157.
1320 1610 1368 1668 in-

278 1694 425 1754 cidentem
439 1695 476 1752 ad
493 1696 623 1774 primum
636 1695 735 1754 Praeti
749 1698 842 1761 4194.
856 1707 1022 1775 repertum,
1045 1697 1167 1773 triginta
1187 1705 1297 1774 septem
1316 1695 1368 1753 iu-

276 1779 464 1839 teriiciendos
489 1799 622 1841 numero.
666 1781 753 1838 Hunc
774 1803 865 1859 perro
888 1783 1031 1840 Abantem
1047 1781 1152 1841 Praete
1171 1779 1368 1859 posteriorem

241 1895 242 1898 ¹
278 1865 351 1923 sscit
365 1865 499 1922 Clemens
513 1865 732 1925 Alexandrinus
746 1865 823 1924 libre
839 1865 935 1945 primo
952 1867 1060 1929 Strom.
1103 1897 1108 1906 ·

363 1949 425 2010 Kal
439 1943 574 2028 Haecin]
593 1951 678 2008 lteest
693 1951 723 2008 in
738 1950 862 2010 Eusebio
878 1951 981 2008 Latino
996 1962 1027 2008 et
1038 1949 1252 2026 Scaligeriane:
1270 1948 1369 2007 Aban·

276 2031 316 2090 tis
336 2034 414 2091 enim
437 2053 637 2092 successorem
659 2033 768 2112 absque
794 2036 906 2112 collega
928 2037 1080 2109 Proetum,
1103 2033 1193 2093 huius
1217 2033 1368 2091 Acrisium

276 2115 411 2190 inducit,
433 2137 504 2175 mex
522 2122 644 2175 Atreum
660 2129 714 2176 etc.
740 2121 900 2178 Pausanias
913 2118 946 2176 in
969 2113 1163 2178 Corinthiacis
1184 2113 1321 2176 Proetum
1336 2126 1369 2176 et

279 2201 425 2258 Acrisium
448 2199 520 2280 (raon
540 2202 690 2284 Perseum)
713 2225 836 2281 regnum
852 2204 988 2262 divisisse
1005 2203 1125 2261 scribit:
1152 2212 1181 2260 et
1201 2203 1287 2260 illum
1303 2200 1368 2281 qui-

275 2284 343 2342 ‹lern
367 2285 511 2343 Heraeum
532 2286 653 2346 Midisnr
669 2299 698 2348 et
713 2290 887 2368 'l'irynthem
906 2288 1087 2366 obtinuisse,
1109 2286 1259 2348 Acrisimn
1279 2286 1367 2362 Argis

274 2369 453 2434 consedisse.

359 2449 447 2514 Μετὰ
474 2447 634 2535 Ἀκρίσιον,
666 2449 707 2528 ei'c
728 2455 849 2533 φασιν]
885 2456 1019 2513 Alienum
1046 2464 1163 2512 tantum
1190 2452 1365 2512 sententiam

274 2536 437 2596 Aetherem
449 2540 573 2614 referre,
596 2561 657 2598 non
679 2540 761 2617 sequi
782 2539 986 2597 demonstrant
1000 2541 1120 2617 propria
1135 2539 1363 2615 Mycenaeerum

273 2641 376 2698 regum
398 2623 555 2698 latercula,
578 2624 683 2702 quibus
705 2632 775 2703 post
796 2624 960 2699 Acrisium,
983 2625 1088 2682 Perseo
1109 2622 1248 2680 Sthenelo
1263 2621 1365 2680 ethiu-

273 2704 397 2784 rysthee
420 2712 596 2786 expunctis,
617 2710 759 2787 supponit
781 2708 920 2784 Pelopem
943 2729 1008 2786 pag.
1034 2713 1103 2772 160.
1124 2708 1155 2765 C.
1188 2707 1248 2780 Qui
1271 2725 1364 2785 perro

273 2789 323 2848 hic
338 2789 499 2866 Pentheus,
523 2813 613 2871 supra
625 2793 778 2854 Pentlrilus
792 2793 934 2851 scribitur
946 2813 1009 2871 pag·
1026 2795 1096 2858 125.
1110 2792 1144 2851 A.

359 2875 424 2951 Pag·
449 2880 517 2940 156.
541 2872 621 2948 Ἕως
641 2875 748 2944 τούτου
772 2875 888 2959 pappi]
918 2878 963 2935 Ab
986 2878 1056 2935 orbe
1077 2875 1218 2934 nimirum
1240 2874 1364 2932 condito

272 2962 366 3025 3692.
382 2979 473 3038 supra
484 2960 583 3039 pagio.
599 2965 665 3025 125.
680 2963 715 3020 B.
759 2961 840 3019 llaec
855 2963 975 3039 Georgii
993 2961 1117 3040 parops-ia
1133 2960 1262 3036 Scaliger
1277 2977 1364 3039 prse-

270 3043 418 3101 termittit.

356 3121 409 3201 Οἷς
423 3125 473 3190 καὶ
491 3121 637 3208 Εὐσέβιος
654 3125 775 3206 ἕπεται]
798 3129 864 3200 Qua
881 3127 917 3186 de
936 3148 1023 3186 causa
1037 3126 1136 3188 verbis
1157 3125 1221 3185 istis
1235 3126 1362 3203 omissis,

274 3209 331 3269 alia
348 3213 546 3270 confidentius
564 3213 687 3270 Eusebio
702 3214 832 3290 Scaliger
847 3213 979 3273 ascribit.

355 3291 489 3376 Ἀμφίων
513 3300 624 3375 Θηβῶν
644 3297 849 3375 ἕβασί1ενσεν,
875 3295 917 3369 oie
935 3294 1043 3374 ἄλλοι]
1056 3295 1210 3354 Eusebius
1225 3294 1361 3353 Troianis

273 3379 361 3438 rebus
378 3381 573 3461 Amphionem
592 3391 621 3440 et
642 3381 765 3441 Zethum
787 3385 858 3447 233.
878 3382 964 3441 asinis
979 3381 1162 3458 antiquiores
1182 3380 1300 3453 asserit,
1330 3388 1361 3437 et

273 3464 312 3520 sel
327 3465 436 3543 Lyncei
456 3475 590 3543 tempera
603 3487 726 3543 regnum
739 3487 841 3525 eorum
855 3476 986 3529 revocat.
1028 3465 1100 3524 Eius
1116 3465 1292 3524 sententiam
1306 3471 1361 3518 ta-

273 3548 333 3607 cite
352 3549 470 3607 nominc
489 3550 623 3624 sugillari
644 3551 796 3622 existimo,
824 3551 879 3609 vix
896 3551 975 3609 enim
993 3550 1100 3628 probat
1118 3548 1250 3619 Author,
1278 3543 1360 3622 quod

273 3652 311 3692 ex
327 3632 454 3692 alierum
467 3651 556 3690 sensu
572 3635 679 3692 refert:
701 3633 743 3706 alc
760 3633 858 3696 ἄλλον
880 3631 920 3707 ὥς
934 3657 1025 3706 cresc:
1046 3630 1087 3706 eie
1101 3651 1201 3710 φασιν.
1224 3631 1359 3688 Clemens

272 3717 490 3777 Alexandrinus
504 3720 531 3780 1.
550 3719 657 3778 Strom.
672 3718 710 3774 ad
725 3719 797 3776 duas
810 3727 932 3792 aetates,
954 3719 1016 3776 sive
1031 3716 1249 3795 generationes,
1269 3713 1302 3771 ie
1315 3721 1360 3772 est

270 3822 364 3862 aranos
377 3807 426 3869 66.
442 3812 509 3860 arato
525 3801 705 3866 res'l'reicas
718 3810 835 3880 tempus
848 3821 950 3861 eorum
963 3799 1186 3861 circumscribit.

357 3885 571 3964 Παλαίφατος]
594 3886 668 3959 Quis
688 3905 704 3944 e
724 3896 855 3963 quatuor
874 3887 1005 3944 nominis
1024 3885 1109 3943 istius
1125 3885 1178 3959 sit,
1200 3901 1287 3961 quem
1305 3879 1358 3938 hio

271 3971 416 4050 Georgius
431 3972 547 4043 laudat,
568 3969 779 4050 Palaephatus,
801 3971 928 4042 iudicet,
948 3971 1000 4048 qui
1011 3969 1123 4030 librum
1137 3967 1234 4026 Vossii
1248 3966 1285 4024 de
1299 3965 1358 4024 Hi-

270 4058 388 4116 stericis
411 4056 531 4117 Graecis
553 4055 655 4114 adibit.
698 4054 771 4112 Mihi
798 4075 860 4113 non
885 4055 961 4113 alius
985 4074 1073 4132 quam
1095 4054 1148 4132 qui
1169 4045 1358 4133 μυθολογικοὶ

270 4141 405 4220 scripsit,
434 4136 512 4220 α’νιίρ
528 4141 599 4199 licet
623 4136 772 4214 Στωικός,
798 4140 848 4198 vel
865 4138 898 4201 ἐκ
915 4133 1096 4217 περιπάτου,
1118 4147 1157 4204 et,
1169 4135 1357 4197 Atheniensis

237 4233 241 4239 ⁴
271 4223 340 4298 ille,
361 4225 396 4283 de
413 4245 470 4304 que
485 4228 606 4285 'saetaes
619 4224 699 4304 apud
713 4223 838 4283 eundem
853 4223 999 4282 Vossium.

354 4310 422 4386 Pog·
445 4310 514 4375 157.
536 4306 621 4371 Karai
634 4313 741 4372 rosires
756 4305 810 4371 ταν
829 4304 973 4390 Κραναόν
986 4305 1003 4371 ὅ
1017 4305 1066 4369 Art
1079 4306 1293 4380 Δευκαλίωνος
1306 4325 1357 4365 aa·

270 4388 455 4474 eutropis]
479 4394 528 4454 Ad
548 4395 637 4456 blesis
654 4403 684 4456 et
699 4394 838 4477 Cecropis
855 4404 989 4476 tempora
1006 4392 1255 4454 Deucalienseum
1275 4389 1356 4448 dile·
