3109 4959
552 433 614 502 ET
634 427 989 505 ANNOTATIONES.
1239 430 1316 505 ³39

220 601 321 649 mereto
338 591 429 670 eceli,
449 602 485 653 ut
504 591 627 652 luceant
646 610 739 670 super
760 601 874 651 turum
892 587 939 652 ad
954 592 1177 655 inchoationem
1195 592 1260 656 diei
1277 617 1316 658 ao

220 678 327 738 noctis.

305 758 521 866 Ννχθηβίρρι]
544 760 690 838 Georgius
698 759 923 865 Chrysococcea
932 762 1015 843 apud
1025 763 1167 824 hllstium
1183 763 1316 825 deMen·

220 863 291 904 σοι-ι
304 853 395 923 temp
412 842 509 926 ημίρα
530 842 654 920 eol}
597 846 654 920 νυξ
659 840 759 948 ,υῆτοι
778 838 972 949 νυχθήμερον
987 842 1086 912 ἐκεῖνό
1103 847 1242 919 ἐστιν,Ρ
1219 873 1239 928 q
1249 872 1314 952 της

219 928 352 1030 σφαίρας
362 923 576 1036 aeeoopieqe'
556 925 617 993 oud
631 932 690 992 rori
698 925 792 993 eison
780 931 929 1009 σημείου
944 930 1033 1005 εἰς
998 956 1031 995 ro
1045 926 1118 996 uiro
1112 928 1257 994 rediev'
1237 955 1316 995 απο-

218 1007 414 1114 κατάποσις,
437 1037 453 1078 ο
436 1008 512 1078 u'de
527 1011 615 1095 oipoie
627 1019 790 1077 τελειοῦται
810 1015 904 1078 είκοοι
919 1010 1082 1098 croceique.
1114 1019 1193 1076 Dies
1206 1029 1235 1075 et
1248 1039 1314 1091 nox,

219 1100 285 1156 sine
299 1091 509 1177 νυχθήμερον,
536 1110 580 1156 est
593 1098 739 1177 sphaerae
752 1103 899 1158 moventes
915 1123 935 1158 a
942 1113 1059 1179 puncto
1080 1103 1114 1160 in
1128 1101 1209 1160 idem
1225 1123 1312 1181 ptere-
1330 1106 1360 1157 P
1377 1107 1396 1159 8

218 1193 302 1240 etum
317 1183 480 1258 revolutio,
503 1181 591 1261 quod
601 1183 687 1242 leeris
698 1184 743 1262 fit
756 1186 870 1264 viginti
883 1195 1028 1264 quotuor.

303 1283 370 1360 Peg·
385 1282 414 1348 4.
437 1283 547 1346 Είυοσι
560 1279 617 1347 doio
629 1283 803 1366 Ἑβραϊκαῖς
817 1285 957 1366 βίβλοις]
980 1286 1027 1346 Ex
1042 1285 1138 1348 tribus
1154 1286 1315 1363 sententiis,

218 1385 343 1445 quarum
360 1367 458 1446 prima
467 1373 517 1435 27.
532 1369 674 1446 secunda,
691 1371 742 1435 24.
756 1370 872 1444 ultima,
887 1371 996 1428 veteris
1011 1371 1149 1430 Iudaicae
1168 1373 1315 1432 Ecclesiae

218 1452 294 1509 duos
312 1470 402 1529 snpra
420 1451 530 1528 viginti
554 1453 647 1512 libros
668 1463 821 1528 numerat,
842 1455 944 1533 potior
961 1453 1035 1513 haec
1053 1455 1175 1515 videtur
1188 1456 1313 1515 Nicolao

216 1535 350 1594 Serrario
367 1534 530 1611 Prolegonr.
547 1537 749 1596 Bibliecorum
764 1538 863 1616 capite
882 1546 1006 1614 octavo,
1036 1540 1207 1616 quaestione
1224 1559 1314 1613 nona,

217 1639 275 1717 qua
291 1628 416 1678 cunctos
428 1619 580 1696 sigillatim
593 1630 623 1679 et
637 1620 743 1680 ordine
755 1630 909 1698 recenset,
929 1642 986 1680 nec
999 1642 1063 1682 non
1077 1624 1182 1684 Sixtus
1198 1627 1315 1684 Senen-

215 1705 255 1763 sis
271 1713 373 1763 noster
384 1705 485 1763 statim
501 1703 557 1762 sub
570 1704 642 1764 libri
657 1705 748 1785 primi
765 1704 895 1767 initium.

298 1807 406 1903 Λειηῇ
425 1801 546 1883 φέρεται
563 1827 615 1885 yse
616 1805 696 1885 ίσεα]
718 1804 935 1866 eommenurie
950 1804 1176 1866 Hebraeorum
1165 1828 1199 1867 ιιι
1214 1807 1315 1868 Gene-

216 1889 272 1950 sim
290 1890 440 1970 duplicia3
462 1887 515 1946 illa
532 1890 667 1966 maioris,
689 1891 762 1950 haec
777 1889 902 1952 minoris
919 1889 1066 1950 Geneseos
1080 1912 1190 1950 nornen
1203 1895 1316 1966 serunt,

216 1986 245 2034 et
261 1975 346 2034 iuxta
361 1973 482 2032 illorum
496 1972 656 2032 idioma
624 1991 656 2035 n
657 1991 728 2036 uer:
735 1990 809 2052 aas,
832 1987 862 2036 et
879 1987 954 2052 mv?
970 1990 1084 2036 nitens.
1106 1986 1231 2055 utraque
1244 1999 1317 2058 apo·

217 2058 349 2140 crypha,
378 2058 454 2119 salso
477 2057 554 2118 hiosi
578 2060 724 2140 ascripta,
750 2061 873 2120 somniis
895 2069 925 2119 et
941 2059 1055 2120 deliriis
1073 2063 1228 2120 scatentia.
1271 2063 1315 2120 De

214 2143 262 2203 hie
286 2143 463 2203 Passerinus
481 2142 573 2204 verbo
590 2147 718 2223 Moyses.
759 2146 848 2207 Liber
868 2167 885 2204 a
908 2145 1036 2223 Georgia
1053 2146 1185 2205 Cedreno
1205 2145 1313 2205 citatus

216 2227 260 2309 (at
280 2249 342 2288 uon
358 2228 447 2287 nisis
466 2227 593 2306 Georgia
613 2230 752 2309 syncello
768 2230 866 2310 carpit
883 2229 997 2308 aliquid
1020 2226 1183 2334 Cedrenus)
1203 2230 1254 2290 cui
1268 2230 1314 2288 ti·

214 2315 299 2373 tulus
316 2322 361 2371 est
380 2307 471 2391 λεπση
488 2311 618 2394 γένεσις,
641 2314 697 2373 sub
713 2315 823 2396 Moysis
840 2315 961 2374 nomine
981 2323 1025 2373 est
1038 2311 1248 2395 ¹ipocryphus,
1271 2314 1315 2375 ait

214 2398 317 2456 Sixtus
331 2398 469 2456 Senensis
489 2397 540 2461 lib.
556 2405 586 2465 2
601 2399 686 2458 illum
710 2410 812 2459 sancte
827 2398 1001 2458 Tridentino
1018 2400 1157 2478 Synodus
1175 2399 1232 2458 sub
1251 2419 1317 2458 no-

215 2482 295 2541 mine
307 2482 513 2541 Flosculorum
527 2483 641 2543 Bibliae
654 2484 821 2544 damnavit.
844 2483 925 2562 quod
937 2483 1008 2542 satis
1023 2484 1158 2544 indicant
1170 2484 1316 2544 narratio·

209 2587 268 2625 ‚nes
289 2566 424 2644 aliquot,
447 2585 520 2643 quas
538 2567 617 2627 idem
639 2569 788 2628 Cedrcnus
806 2589 844 2628 ex
865 2566 925 2626 hoc
944 2587 1033 2647 opere
1051 2568 1203 2627 videtur
1192 2589 1226 2626 ιιι
1247 2587 1314 2626 suas

215 2650 356 2710 historiae
379 2650 591 2711 transfudisse.
620 2653 663 2712 De
685 2653 792 2712 iisdem
814 2649 1000 2732 Epiphanius
1014 2651 1135 2711 Haeresi
1152 2655 1202 2720 39.
1225 2649 1267 2724 oie
1281 2647 1315 2714 di

215 2735 249 2797 ἐν
274 2741 337 2807 τοῖς
348 2727 539 2836 ’ίωβηλαίοις
565 2733 748 2818 εὑρίσκεται,
777 2741 817 2821 τῆ
837 2735 888 2798 καί
912 2735 1114 2817 λευτογενίσιι
1125 2735 1313 2842 καλουμένη,

215 2817 268 2880 καὶ
291 2816 328 2878 ee*
341 2813 472 2896 ὀνόματα
486 2824 547 2879 τῶν
560 2844 714 2899 γυναικῶν
730 2844 784 2880 του
802 2843 834 2880 τε
850 2823 932 2880 Καιν
947 2819 998 2879 καί
1014 2841 1068 2880 του
1057 2816 1194 2898 Σήθη
1209 2821 1315 2898 βίβλος

215 2926 253 2965 πε
254 2901 351 2985 ριίχει.
394 2904 539 2960 Extant'
526 2923 558 2958 en
573 2903 735 2975 lubiloeis,
759 2905 815 2980 qui
834 2902 910 2960 liber
924 2923 1029 2979 parvo
1048 2903 1172 2961 Genesis
1187 2902 1314 2980 dicitur,

215 2999 245 3044 et
258 2995 388 3044 uxorum
406 2985 498 3045 Ceeine
493 2986 656 3065 'eStleique
671 2990 797 3044 nomino
810 3007 888 3088 opus
905 2983 989 3043 illud
1000 2998 1214 3064 repraesentat

301 3072 367 3147 Peg
381 3073 409 3137 6.
429 3075 491 3134 Τοῦ
503 3071 707 3151 λεγομένουβί
707 3095 743 3132 ου
755 3064 925 3151 ’eidemin
937 3070 1069 3128 illeliber
1070 3071 1314 3148 ,quiPoeniten·

215 3154 257 3213 tia
274 3154 407 3229 ddamf
397 3175 428 3212 m
449 3155 582 3231 catalogo
602 3155 721 3228 Gelesii,
735 3155 785 3212 vel
803 3153 977 3230 Genealogia
991 3114 1090 3212 Adarir
1100 3153 1181 3234 apud
1194 3155 1314 3214 Sixtum

216 3199 391 3312 Senenseni,
419 3247 448 3295 ct
470 3238 663 3297 Possevinum
686 3239 719 3299 V.
742 3238 855 3314 Adam,
884 3237 934 3297 vel
953 3237 1034 3338 apud
1055 3237 1256 3343 Epiphaniam
1276 3239 1314 3298 de

216 3321 365 3382 Sethianis
387 3320 586 3380 scribentem?
615 3324 740 3425 βίβλους
758 3321 793 3383 λε’
808 3345 891 3395 τινας
910 3316 1132 3427 συγγράφοντες
1149 3317 1220 3398 λζ’
1201 3318 1256 3386 ovo‘

197 3431 267 3480 ‘roe
290 3401 427 3488 μεγάλων
445 3400 580 3488 deipsis,
601 3400 670 3482 λζ’
653 3402 800 3487 ονόματος
819 3403 874 3486 μίν
891 3401 966 3485 Σήθ
983 3403 1057 3468 teet
1076 3406 1210 3489 λέγοντες
1234 3348 1314 3471 eliis
1365 3475 1366 3478 ,

214 3495 348 3590 βίβλους.
390 3491 436 3550 At
449 3496 527 3550 enim
543 3503 637 3549 certos
653 3492 748 3550 libros
762 3492 1002 3555 clarissimorum
1022 3493 1160 3549 virorum
1181 3495 1312 3550 nomini-

215 3577 273 3633 bus
287 3577 449 3654 inscriptos
461 3579 694 3654 circumferunt,
716 3598 751 3633 er
765 3577 879 3655 quibus
894 3579 1013 3634 omnino
1028 3587 1137 3656 septem
1152 3577 1241 3636 Setleo
1257 3580 1313 3635 tri-

215 3660 332 3719 buunt:
354 3659 434 3725 haud
448 3682 569 3739 magnae
583 3661 715 3720 iacturae
733 3670 777 3720 est
790 3660 937 3740 ignorare.

291 3756 378 3834 Ἥτις
388 3753 430 3842 ἦν
442 3764 526 3843 τρίτη
539 3759 636 3858 ἡμέρα
649 3765 703 3841 τῆς
714 3755 851 3837 πλάσεως
860 3755 976 3844 testu]
994 3758 1210 3842 Appellatiouis
1224 3760 1310 3836 serie,

215 3866 279 3907 non
295 3847 384 3926 spatii
400 3846 515 3906 dierum
530 3847 662 3906 omnium
677 3846 790 3906 ordine.

300 3945 459 4030 Διαφορολς
477 3945 645 4052 βωλίον]
673 3950 840 4009 Βασιλειολν
852 3947 979 4024 legerem
1000 3943 1166 4023 lubentius,
1186 3964 1311 4025 eamque

215 4034 442 4109 rosemanus,
465 4028 596 4113 λιαφοριλ
610 4032 749 4091 nimirum
755 4031 885 4112 ,aptius
902 4031 1043 4092 afficeret.

302 4133 370 4212 Peg
387 4139 416 4199 6.
436 4127 612 4213 lapsanium
621 4127 805 4214 ιλιακοντες]
827 4131 988 4208 Arabes,
978 4128 1098 4211 imperis
1089 4129 1241 4188 'Romani
1257 4147 1312 4225 per

216 4218 371 4279 Orientem
386 4218 626 4294 destructores,
616 4219 725 4298 impiae
739 4218 954 4278 mahumeticae
972 4214 1134 4289 doctrinae,
1156 4223 1187 4274 et
1203 4215 1311 4272 noxiae

212 4303 372 4408 potestatis
390 4323 586 4364 successores.
627 4303 771 4383 Iosephus
784 4303 836 4363 lib
851 4309 880 4373 1.
896 4298 1035 4362 Antioch.
1054 4320 1118 4378 cap.
1137 4302 1184 4364 13
1205 4299 1312 4369 παῖδες

212 4382 358 4473 Ἰσμαηλω
377 4389 512 4471 γίνονται
523 4383 649 4453 δρίαν.
695 4389 734 4451 Et
751 4387 846 4450 inira:
869 4378 954 4452 οὗτοι
972 4389 1076 4449 πᾶσαν
1094 4379 1151 4464 τὴν
1169 4376 1212 4446 αλιι
1219 4375 1312 4442 Ἐιλ·
