3109 4959
530 440 962 531 ornumornum-ns.
1215 426 1287 500 eor

204 599 325 676 meruti,
348 617 402 686 erp
416 600 546 683 propriis
560 601 696 664 iudicum
709 591 859 680 ¹contenti,
879 619 942 660 non
957 596 1121 660 debuerant
1130 595 1225 678 priori
1238 615 1293 656 nu·

95 713 97 718 ·
203 705 285 744 mero
301 687 430 745 onnecti.

289 764 375 831 Καθ’
392 769 514 834 ἕκαστον
529 769 563 836 δὲ
575 777 637 835 τῶν
651 770 770 854 egerin]
797 769 920 830 Voiidoe
940 765 1030 828 huius
1043 765 1218 828 obiectionis
1234 764 1293 824 im·

203 853 286 933 petoi
300 850 451 932 propriam
468 858 554 916 etiarn
571 859 741 937 opinionem
755 858 899 916 evertenti
912 855 1064 930 Georgius,
1083 862 1199 934 praeter
1213 849 1293 908 Sori-

202 949 321 1018 pturom
337 949 367 998 et
379 938 448 998 fidoi
463 942 615 1004 munimen
629 943 690 1001 vim
704 943 815 1002 illatum
830 940 909 998 borrd
924 940 1011 1018 piene
1023 938 1199 1005 retundens,
1216 933 1294 995 nihil

203 1025 340 1101 opponit.
369 1025 462 1083 Fovet
477 1037 680 1104 argumentum
702 1027 757 1101 iis,
780 1027 832 1105 qui
848 1047 864 1082 o
880 1026 994 1082 deserto
1014 1023 1148 1102 Aegypto
1165 1021 1203 1081 od
1216 1032 1313 1080 tem--

202 1109 285 1186 ptum
309 1109 461 1168 conditum
482 1112 562 1170 soloe
584 1113 655 1178 440.
677 1111 727 1171 vel
748 1111 787 1169 od
807 1130 954 1169 summum
979 1109 1052 1173 480.
1074 1128 1143 1166 oum
1168 1104 1295 1165 Eusebio

201 1202 311 1272 putent
320 1213 429 1252 annos:
452 1196 613 1274 eidemque
627 1196 788 1256 laeduntur
801 1193 934 1254 At'ricani
946 1192 994 1251 rol
1011 1192 1131 1270 Georgii
1144 1208 1293 1270 sequaces,
1311 1190 1343 1247 Ρ.
1356 1189 1392 1245 50

203 1278 254 1354 qui
277 1277 436 1355 prolixiori
459 1287 611 1360 tompore,
632 1291 661 1340 ot
685 1282 756 1339 solis
775 1281 905 1358 quinquo
926 1278 1061 1350 salmon,
1083 1277 1180 1351 lioos,
1201 1273 1295 1347 Obed,

202 1359 296 1435 lesse,
321 1361 416 1420 liovid
438 1363 678 1425 Geneorchorum
701 1365 850 1442 capitibus
871 1384 925 1442 per
946 1364 1020 1428 740.
1041 1362 1089 1419 νοΙ
1109 1365 1180 1426 659.
1203 1377 1296 1418 onnes

202 1447 395 1505 numerandis
416 1441 604 1525 ιιίιείθανον,
627 1460 662 1509 ut
681 1449 786 1508 scribit
802 1447 920 1508 Author
940 1455 1072 1506 statuunt
1091 1445 1296 1507 παιδοποιίαν.

202 1528 298 1589 Verbo
312 1551 404 1611 porro
419 1530 492 1593 isaeo
506 1543 536 1594 et
552 1555 627 1613 quse
640 1544 807 1614 sequuntur
829 1541 954 1607 cuncto,
978 1531 1072 1590 donoc
1086 1549 1250 1589 sermonem
1265 1545 1298 1586 se

202 1635 350 1676 resurrrere
368 1615 416 1674 iris
436 1618 501 1678 eliis
508 1662 517 1692 ,
546 1616 603 1700 ἐγώ
623 1618 655 1682 δὲ
671 1625 714 1704 spi
729 1621 807 1702 θείῳ
827 1627 883 1678 eto.
908 1616 1053 1695 significet
1073 1615 1236 1692 Georgius,
1258 1629 1298 1670 ex

204 1699 331 1759 Eusebio
350 1700 527 1782 deprompto
541 1704 726 1763 demonsiret
739 1702 804 1761 eius
821 1700 923 1780 opinio
936 1700 1042 1759 iisdem
1057 1698 1219 1758 clarissime
1231 1706 1298 1756 tra-

205 1791 300 1841 otots:
322 1802 411 1862 qonre
426 1787 637 1864 opponendum
652 1787 728 1850 duxi
744 1783 839 1862 φησὶν
854 1779 1010 1864 Εὐσέβιος.

287 1860 338 1928 Ἐν
348 1861 405 1928 υο’.
422 1867 542 1947 ἔτεσιν]
559 1870 590 1929 ,Δ
605 1869 702 1949 primo
714 1868 880 1943 Abrohom,
903 1870 941 1927 nd
953 1887 1063 1927 onnurn
1080 1873 1150 1946 post
1164 1864 1227 1925 eins
1240 1884 1300 1923 ns-

203 1950 293 2009 tolom
302 1951 375 2016 470.
390 1972 497 2012 novem
507 1953 580 2014 istoo
592 1964 788 2015 numerantur
801 1953 1019 2031 generationes:
1034 1949 1193 2025 Abrohom,
1206 1949 1299 2023 isaie,

204 2035 310 2110 locob,
332 2035 437 2112 ludes,
460 2035 585 2113 Pheres,
607 2039 719 2116 Eiron,
740 2041 844 2112 Arnm,
865 2035 1046 2114 Aroinsdsb,
1066 2035 1208 2096 Nomen.
1234 2033 1298 2092 Sub

204 2139 353 2196 egressum
370 2141 406 2178 ex
424 2121 555 2200 Aegypto
572 2141 651 2180 enno
666 2123 798 2185 eiusdem
813 2121 948 2182 Abrahae
961 2122 1035 2189 505.
1057 2121 1191 2180 Noosson
1202 2118 1300 2181 tribus

203 2203 294 2264 Iudae
311 2204 664 2284 principe11135.onnurn
680 2207 812 2286 attigisse
824 2207 970 2287 supponit
987 2205 1143 2266 Eusebius.

286 2281 337 2349 'Eo
351 2283 386 2369 χ’.
401 2288 516 2369 ἔτεσιν]
541 2293 668 2370 Propter·
684 2294 881 2356 παιδοποιίαν
893 2292 964 2352 οΙὶοι
976 2286 1146 2354 dosideres
1161 2296 1191 2348 et
1202 2287 1301 2348 inere·

204 2372 341 2449 dibilem,
363 2394 423 2432 nou
440 2375 551 2436 sototur
566 2376 712 2436 Eusebius
729 2377 809 2436 inter
828 2377 967 2437 Exodurn
985 2387 1015 2436 et
1029 2375 1134 2457 templi
1151 2394 1226 2454 opus
1247 2372 1299 2434 iu-

205 2467 324 2538 ceptum
346 2463 419 2526 600.
443 2479 537 2520 orrrros
555 2461 727 2542 ponendos:
748 2462 918 2523 Iteootende
934 2461 1073 2545 superius
1093 2458 1206 2540 scripto
1225 2465 1300 2520 nors

203 2541 342 2622 proxime
357 2544 495 2604 seeundo.

288 2627 357 2704 Pog-
381 2631 451 2693 176.
478 2623 522 2689 Tei
533 2621 594 2690 osr'.
610 2626 681 2709 ἔπι]
703 2629 944 2691 Emendotionem
959 2627 1037 2690 bone
1050 2627 1144 2708 exigit
1157 2624 1302 2689 Eusebius

204 2709 243 2769 nd
262 2731 372 2770 annum
392 2709 524 2772 Abrohoe
535 2714 610 2780 605.
627 2735 687 2792 quo
704 2717 834 2796 populus
849 2719 983 2794 Aegypto
999 2714 1107 2774 relicto
1126 2710 1240 2791 recepit
1259 2709 1302 2768 li-

203 2794 356 2854 bertstern.
397 2795 448 2856 At
463 2797 522 2856 lsoe
540 2799 605 2856 loro
621 2796 665 2856 cccl
680 2801 869 2859 Salomonem
893 2810 919 2858 et
936 2799 1040 2879 templi
1060 2795 1303 2877 aedificationem

204 2890 406 2940 numeruntur
427 2883 504 2940 ιιιιιιί
520 2882 593 2949 480.
636 2883 703 2957 Quo
721 2906 814 2966 porro
838 2885 956 2946 ratione
969 2883 1123 2945 servitutis
1138 2880 1303 2959 interregni

203 2965 346 3045 pacisque
361 2965 467 3043 viginti
484 2987 572 3048 supro
587 2978 707 3029 centurn
722 2991 817 3031 armos
833 2971 979 3030 duntoxst
993 2975 1130 3030 numeret
1148 2965 1302 3042 Eusebius,

204 3047 281 3108 mihi
300 3071 363 3110 non
382 3060 515 3126 constat,
541 3052 600 3112 nisi
620 3053 701 3131 quod
719 3076 737 3114 ιι
758 3056 832 3123 480.
852 3054 892 3114 od
911 3060 985 3123 600.
1003 3051 1175 3115 numeranti
1193 3049 1303 3130 viginti

205 3153 298 3212 supro
313 3144 433 3193 centurn
448 3135 579 3198 addendi
593 3149 761 3203 occurrent.

288 3211 362 3299 'Eyoi
381 3215 414 3280 di
431 3223 475 3304 τῷ
493 3221 572 3304 θείῳ
595 3215 709 3305 Παύλῳ
721 3221 774 3286 soi
786 3226 826 3309 τῇ
837 3225 901 3286 sois
915 3224 1027 3304 noereio
1048 3221 1143 3306 βίβλῳ
1164 3215 1301 3301 inopus]

205 3301 249 3360 Ut
261 3301 340 3362 intor-
355 3322 503 3381 egressum
520 3323 559 3367 ιι
571 3305 707 3384 Aegypto
725 3318 755 3367 et
770 3307 874 3387 templi
886 3307 1043 3367 conditum
1056 3325 1206 3366 onuorurn
1225 3305 1298 3375 669.
1315 3302 1348 3359 V·
1361 3298 1398 3360 46

207 3387 336 3467 spatium
353 3395 485 3463 astruat,
507 3386 565 3447 boc
579 3390 693 3450 ordino.

288 3471 378 3534 itioris
397 3476 585 3552 proet'octurs
606 3473 778 3534 continuate
799 3483 844 3534 est
863 3473 950 3536 onnis
971 3474 1050 3541 40.·

289 3557 375 3617 iosus
395 3556 475 3616 rexit
496 3557 640 3639 populum
663 3560 749 3619 urinis
770 3564 821 3627 27.

290 3641 428 3700 seniores
450 3642 592 3702 defuncto
611 3644 700 3704 losue
720 3644 961 3723 gubernaverunt
982 3642 1141 3712 orinis18.

291 3730 398 3786 Secuto
419 3735 464 3786 est
485 3728 579 3806 primo
601 3729 730 3789 servitos
752 3729 806 3789 sub
829 3729 948 3791 Charon
968 3727 1054 3790 suuis
1074 3733 1105 3794 8.

290 3811 407 3872 Primus
430 3811 526 3872 ludex
547 3812 688 3873 Othoniel
712 3815 799 3875 annis
819 3815 872 3882 40.

193 3914 195 3918 ·
291 3898 428 3955 Secundo
449 3897 579 3956 servitus
600 3897 759 3958 ttoabtrics
782 3900 868 3958 oneris
889 3903 947 3967 18.Ι

290 3981 445 4041 Secundus
467 3980 562 4041 Iudex
584 3982 650 4042 dod
670 3985 756 4044 annis
777 3988 829 4052 80.

291 4063 390 4124 'l'ertio
412 4066 539 4125 servitos
562 4065 734 4128 Ghsrronoou
759 4068 845 4131 onois
865 4071 918 4137 20.

292 4147 407 4208 Deboro
431 4169 498 4210 curn
520 4151 613 4211 Beroe
634 4154 720 4213 annis
740 4155 792 4221 40.

291 4233 406 4306 Quarto
426 4235 554 4294 servitus
576 4237 765 4299 Modienitico
786 4237 872 4299 umus
895 4240 927 4302 7.

294 4316 416 4376 Gedeon
438 4319 525 4378 ermis
546 4320 597 4386 40.

294 4399 468 4463 Abirnelech
488 4404 625 4474 eunies.
