3109 4959
232 420 283 494 aa
591 428 972 525 comrsrrsronn.

160 628 162 633 .
235 598 308 663 tur,
329 584 481 660 histrabit,
504 584 599 645 oculis
614 596 769 665 percurret
790 586 916 662 scrinia,
938 594 1083 662 transtra,
1104 586 1217 647 tabulas
1234 606 1324 647 nurn-

236 674 388 733 missuro
411 679 441 730 et
460 680 581 748 argento
602 670 755 748 conflatis,
777 680 812 730 ut
844 670 992 730 sideribus
1016 671 1147 746 eaelum,
1169 672 1325 731 distinctas

237 767 266 817 et
288 755 497 816 scintillantes:
519 765 565 831 et,
586 753 637 814 bic
661 757 844 836 priscorum,
869 756 967 827 dicet,
989 764 1175 834 temporum,
1204 756 1254 817 ille
1271 775 1323 835 po-

237 840 354 901 stremi:
382 841 563 899 Graecorum
580 838 646 915 bio,
667 840 719 900 ille
738 841 939 900 homanorum
953 839 1069 920 imperii
1085 850 1324 900 moriumenturns

236 926 352 1003 signnm
373 924 455 983 illius
475 924 646 997 Orientale,
666 924 835 985 (lceidnuns
858 924 960 983 istius:
982 943 1096 984 sacram
1116 925 1187 1001 iste,
1209 923 1326 983 uirilem

236 1011 312 1069 alins
324 1029 388 1068 rem
404 1017 434 1067 et
450 1018 547 1068 actum
564 1009 673 1068 refert:
693 1018 774 1067 totns
797 1007 847 1068 bie
870 1009 945 1068 ordo
963 1008 1046 1086 regni
1067 1009 1158 1068 nnius
1178 1007 1326 1089 principes

237 1102 407 1168 ennrnerat3
430 1093 584 1173 oppositus
599 1093 693 1169 gentis
710 1094 831 1154 alterius
847 1112 929 1171 reges
943 1095 1105 1153 collocatos
1120 1103 1201 1151 tenet
1218 1093 1256 1152 sd
1270 1093 1327 1151 lli·

227 1178 347 1238 ‘atoriae
365 1176 530 1236 veritatem.
574 1174 655 1249 Quid
677 1186 817 1254 cunctos,
839 1178 887 1237 vel
908 1179 1008 1258 plnres
1029 1176 1215 1237 memorem‘l
1239 1177 1327 1236 Vixe

238 1262 362 1340 singulis
380 1281 458 1321 unns
477 1271 529 1319 ant
545 1262 695 1338 altercat,
717 1263 767 1340 qni
791 1262 850 1322 riri
867 1263 1030 1341 cuiuspiam
1049 1263 1121 1321 aneis
1138 1261 1257 1340 scriptis
1276 1281 1327 1321 ce-

238 1345 344 1407 lebrati
358 1346 492 1420 vultum,
513 1345 663 1419 habitum,
685 1367 807 1421 nomen,
829 1346 876 1406 rol
888 1348 949 1406 eins
964 1356 1044 1425 gesta
1056 1347 1213 1425 praecipua
1223 1390 1232 1420 ,
1254 1366 1329 1426 pro-

239 1432 426 1511 speritatem,
456 1440 581 1490 eventus
605 1450 668 1488 non
692 1440 901 1509 repraesentet.
948 1433 1030 1505 Quot
1050 1432 1092 1491 ibi
1126 1430 1255 1508 figurae,
1282 1438 1328 1488 tot

239 1513 499 1593 chronographiae
513 1534 594 1573 rneae
610 1516 822 1594 exprimuntur
836 1526 1017 1592 argumenta.
1059 1517 1145 1575 Alter
1161 1514 1212 1574 hic
1227 1534 1327 1575 reces-

238 1622 288 1659 sus
303 1600 415 1659 variam
433 1599 505 1657 artis
526 1600 753 1679 supellectilem,
776 1611 807 1661 et
825 1601 979 1660 indiarum
998 1602 1114 1660 fructus
1130 1609 1328 1679 portentosos,

239 1684 288 1746 vel
304 1684 452 1744 rusticana
468 1693 566 1743 servat
581 1695 769 1743 ornamenta:
792 1693 821 1742 et
839 1684 912 1743 haec
931 1683 1080 1745 Historiae
1098 1684 1265 1743 testimonia
1280 1694 1329 1743 to-

239 1769 341 1843 tidem,
362 1776 393 1826 et
403 1768 525 1826 totidem
539 1766 601 1826 eius
613 1778 793 1847 spontaneae
806 1769 1040 1830 lucubrationes.
1081 1768 1208 1829 Posthac
1221 1768 1260 1827 ad
1273 1788 1329 1827 ex·

241 1862 337 1913 aratos
353 1872 442 1909 uranu
458 1852 576 1910 codices
595 1873 772 1913 conversus:
793 1855 868 1913 istae
883 1863 968 1927 sunt,
989 1854 1123 1933 inquiet,
1144 1852 1328 1913 venerandae

241 1936 429 2014 antiquitatis
450 1935 591 2013 reliquiae
611 1935 762 1995 immensis
785 1938 921 2017 expensis
946 1937 1069 1999 Oriente
1089 1946 1155 1996 toto
1179 1937 1328 2010 collectae,

242 2031 276 2081 ut
295 2038 395 2080 earnm
416 2029 531 2097 partem
547 2040 608 2077 non
625 2022 870 2081 contemnendam
886 2041 991 2099 magno
1013 2022 1149 2101 ilcipuhl.
1169 2022 1329 2081 litterariae

242 2103 350 2164 damano
370 2103 555 2181 naufragium
571 2103 746 2164 obliterarit.
788 2105 900 2165 lathinc
915 2107 998 2185 ltegii
1015 2108 1081 2186 typi
1095 2126 1203 2164 nornen
1220 2116 1249 2165 et
1262 2105 1338 2165 snb·-

242 2188 349 2249 aidinm
361 2187 538 2265 quandoque
552 2189 678 2247 mutuati
696 2200 783 2247 sunt:
805 2190 972 2268 aderitque,
983 2192 1075 2272 ,quod
1093 2201 1180 2270 opto,
1202 2199 1329 2268 tenipus,

242 2293 301 2351 qno
323 2272 382 2329 iarn
401 2271 497 2344 edita,
518 2274 567 2329 rel
590 2274 723 2331 nondum
740 2274 802 2331 visa
823 2274 972 2334 blnsarnm
992 2269 1130 2353 κειμήλια
1150 2276 1186 2332 nd
1202 2274 1329 2333 istorum

241 2357 387 2416 iudicium
411 2364 441 2412 ot
461 2374 616 2413 censuram
637 2357 673 2413 ab
697 2358 820 2415 eruditis
838 2359 1029 2436 experiantur
1050 2379 1080 2419 ee
1098 2358 1259 2436 perpoliri,
1281 2358 1330 2417 rel

243 2442 274 2500 in
292 2440 440 2521 publicem
456 2438 612 2498 utilitatem
633 2440 776 2518 depromi.
820 2444 915 2514 Quam
932 2442 1044 2516 aridis,
1067 2463 1155 2519 qnam
1175 2442 1328 2521 perspiea-

244 2526 328 2584 cibus
349 2524 444 2582 oculis
458 2523 537 2582 inter
558 2524 630 2582 istos
652 2525 832 2601 perquisitus
857 2545 891 2584 eo
906 2526 1020 2585 denium
1036 2547 1082 2583 me
1093 2527 1168 2586 sensi
1182 2528 1234 2585 sati
1248 2527 1329 2585 dono

241 2610 407 2680 beandum,
437 2618 469 2665 nt
493 2606 687 2665 Bibliothecae
711 2610 816 2684 Regiae
841 2611 969 2668 seeundo
989 2611 1087 2670 editus
1107 2612 1187 2685 nnn,
1214 2613 1330 2689 Segne·

243 2694 343 2754 rianae
364 2692 516 2770 exciperet
537 2692 676 2764 subinde,
698 2715 732 2751 nc
756 2696 873 2753 soreres·
895 2697 1070 2773 complexu,
1095 2716 1186 2774 eaque
1208 2697 1327 2755 tandein

243 2779 373 2857 signatus
398 2777 489 2833 tutela
514 2776 662 2835 felicitatis
685 2798 763 2835 meae
785 2799 888 2852 usum,
918 2790 946 2841 et
972 2779 1139 2840 [lel'ensoris
1162 2780 1329 2839 comitatem

242 2864 306 2922 orbi
330 2861 520 2940 publicarem.
564 2860 644 2918 llaec
665 2863 718 2917 snb
740 2863 858 2937 Georgii
881 2865 1011 2939 Syncelli
1034 2882 1158 2941 persona
1182 2864 1328 2942 interpres

245 2949 306 3007 eius
325 2946 413 3003 sortis
434 2944 599 3021 particeps,
623 2946 749 3020 seposita
771 2946 911 3017 suctione,
933 2948 1079 3024 excogitat
1101 2968 1132 3005 se
1152 2963 1236 3025 posse
1257 2947 1328 3008 sarit

244 3041 274 3091 et
289 3052 321 3089 ea
339 3050 426 3087 cansa
441 3048 471 3084 se
484 3026 550 3084 'l'ibi
571 3028 727 3105 profitetur
740 3028 933 3100 obstrictum,
956 3033 1034 3109 qnod
1050 3034 1111 3090 eins
1132 3032 1229 3109 operis
1246 3031 1329 3090 labor

245 3117 300 3175 snb
313 3114 368 3172 Tui
382 3112 511 3171 nominis
524 3113 680 3190 splendore
695 3114 724 3169 in
740 3116 892 3189 pnblicnrn
907 3118 1083 3192 productus,
1106 3125 1141 3174 ut
1156 3116 1261 3193 perdiu
1277 3136 1327 3175 ex-

245 3201 370 3282 petitum
385 3197 484 3277 palam
502 3198 617 3274 profert
631 3197 818 3274 Syncellnrn‚
839 3199 880 3257 ita
900 3199 966 3257 'libi
987 3201 1207 3261 commendatus
1219 3222 1251 3261 se
1263 3222 1326 3282 spe·

245 3295 291 3347 ret
309 3282 424 3343 cunctis
439 3281 607 3341 litterarum
623 3282 762 3341 studiosis
778 3283 843 3341 sore
859 3285 954 3345 nrnlto
968 3286 1135 3364 gratiorem.

325 3413 542 3497 illustrissimis
557 3432 746 3493 Celsitudinis
762 3436 851 3510 Tuae,

921 3941 1126 4004 Deditissinrns
1139 3920 1242 4004 servus

738 4057 770 4118 F·
794 4059 956 4120 leOllUS
978 4060 1082 4119 GOAR
1105 4060 1176 4127 orn.
1197 4060 1325 4142 Praedie

277 4220 300 4274 b*
314 4212 446 4275 Converte
461 4212 683 4277 l’ruedieatornur¹

276 4289 357 4344 Pstis.
374 4291 418 4344 viu
434 4292 464 4345 S.
483 4291 616 4345 Honorati.
