3109 4959
270 418 349 491 seo
661 429 1013 501 nneunsrronss
1122 407 1123 410 ‘

351 577 403 648 Ἐν
424 587 465 669 τῇ
484 583 579 669 βίβλῳ
590 587 647 665 τῆς
660 581 811 669 Saiticam]
832 590 873 649 ut
889 590 1029 652 Mercurii
1042 593 1154 655 Genica
1170 598 1302 677 Scaliger
1315 621 1373 661 ex·

268 667 358 750 ponit
381 670 493 749 primas
514 673 711 749 Aegyptiacae
723 677 820 752 gentis
843 677 984 756 Origines
997 683 1158 758 operuisse.
1180 684 1223 742 ita
1235 689 1290 768 τῆς
1306 681 1375 750 Σό.

268 763 344 827 osec
363 757 470 834 βίβλον
483 760 539 817 τοῦ
556 761 699 818 trauseat
715 781 732 816 a
746 759 903 820 sothiacae
919 764 1037 841 periodi
1051 767 1139 826 initio
1153 789 1256 846 regum
1273 773 1376 852 Aegy·

270 839 404 921 ptiorum
424 840 583 917 Dynsstias
607 841 817 904 Manethonem
838 847 997 908 deduxisse
1017 852 1221 914 indubitanter
1242 856 1377 917 affirmat

270 925 379 1006 pagina
401 926 473 990 248.
515 926 570 984 Est
589 936 688 986 autem
709 929 768 1010 ipsi
785 931 895 1006 Sotbis,
916 933 950 993 lo
968 935 1031 994 filia
1047 936 1166 1015 lnacbi,
1187 941 1302 1000 acuius
1317 962 1376 1020 pe-

150 995 166 1018 '
269 1009 471 1085 regrinatione
487 1009 521 1068 in
536 1012 704 1092 Aegyptum
720 1037 869 1076 annorum
883 1039 1006 1080 suorum
1018 1022 1212 1083 certissimam
1227 1023 1376 1106 epocham

269 1092 431 1173 Aegyptios
451 1094 555 1154 iniisse
569 1105 663 1158 tenet.
704 1101 818 1161 Tantus
831 1104 911 1162 inest
922 1103 989 1164 viro
1001 1109 1166 1188 suppositis
1184 1110 1274 1170 etiam
1288 1111 1375 1170 subu·

269 1177 307 1236 lis
329 1189 360 1236 et
379 1178 468 1237 libris
488 1181 709 1260 primaevarum
729 1187 877 1265 originum
897 1189 1127 1252 iudicandorum
1146 1195 1246 1255 ardor.
1288 1196 1375 1270 Quid

173 1263 208 1320 V.
225 1267 259 1324 13
270 1271 352 1322 certo
362 1262 473 1337 Sothis,
494 1268 659 1346 Aegyptius
672 1269 771 1331 Horus
780 1274 1015 1355 liieroglyphico
1027 1282 1057 1343 3.
1068 1281 1247 1344 manifestat.
1270 1280 1376 1343 ἐνιαυ-

268 1344 320 1409 τόν
349 1346 382 1410 di
411 1346 592 1430 βουλόμενοι
621 1353 769 1432 δηλῶσαι,
799 1354 875 1420 ’Ίσιν
896 1355 981 1422 τοῦτ’
1009 1363 1069 1426 ἔστι
1094 1372 1223 1445 γυναῖκα
1252 1368 1377 1449 ζωγρα-

270 1437 375 1510 φοῦσι.
404 1438 448 1515 τῷ
462 1433 495 1494 δὲ
510 1431 657 1518 αὐτῷκαὶ
670 1437 726 1518 τήν
748 1438 825 1504 θεον
840 1448 1049 1524 σημαίνουσιν.
1073 1445 1146 1522 ’Ἶσις
1161 1449 1193 1511 δὲ
1209 1445 1286 1532 παρ’
1308 1445 1376 1533 uri-7

268 1523 333 1589 τοῖς
356 1515 437 1579 ἐστὶν
463 1513 557 1601 dorric
582 1523 762 1603 Αἰγυπτιστὶ
786 1526 973 1610 καλούμενος
996 1538 1120 1608 Σῶθις,
1148 1533 1315 1614 Ἑλληνιστὶ
1339 1533 1375 1598 dl

269 1596 475 1680 Ἀοτρωκύων,
500 1600 532 1677 ὃς
547 1604 598 1666 καὶ
614 1609 699 1683 dotti
708 1608 878 1690 βασιλεύειν
891 1619 951 1677 τῶν
965 1622 1079 1680 λοιπῶν
1095 1613 1237 1700 ἀστέρων.
1271 1624 1374 1678 Iluro

269 1707 387 1744 aunum
412 1686 617 1748 demonstrare
633 1695 781 1771 volentes,
805 1698 890 1776 Isin,
916 1702 974 1760 Ιιοο
993 1716 1036 1760 est
1049 1705 1203 1762 mulierem
1219 1706 1373 1784 pingunt:

268 1793 330 1852 quo
359 1776 451 1829 etiam
472 1778 562 1853 signo
586 1780 688 1836 Deam
708 1785 896 1862 significant.
938 1789 997 1846 Est
1014 1801 1117 1848 autem
1136 1789 1226 1869 apud
1242 1811 1292 1848 eos
1312 1789 1375 1850 Isis

267 1855 383 1934 sydus,
422 1860 506 1937 quod
534 1859 686 1942 Aegyptio
712 1871 837 1946 quidem
860 1877 980 1931 nomine
1006 1874 1125 1945 Sotliis,
1157 1877 1274 1934 Graeco
1301 1897 1373 1934 vero

266 1944 439 2019 Astrocyon
455 1941 588 2021 dicitur,
612 1953 710 2028 quiet
732 1957 812 2012 iuter
832 1959 954 2036 reliqua
971 1959 1081 2037 sydera
1099 1957 1312 2039 principatum
1325 1963 1373 2019 νὶ-

267 2025 358 2084 detur
374 2028 523 2087 obtinere:
546 2038 626 2108 quod
644 2035 724 2095 circa
741 2042 823 2100 canis
844 2053 944 2103 ortum
964 2046 1117 2124 Aegyptus
1138 2066 1287 2104 annorum
1302 2065 1373 2104 suo·

220 2145 222 2150 ·
265 2132 334 2170 rum
349 2113 464 2191 periodi
481 2119 617 2195 posuerit
632 2123 831 2204 principium:
855 2129 892 2188 dc
910 2138 1049 2208 quotum
1065 2130 1283 2203 authores‘alii‚
1304 2138 1372 2190 tum

266 2195 452 2275 Porphyrius
466 2202 547 2278 spud
560 2205 704 2266 Allatium
722 2213 758 2269 de
769 2213 911 2272 Mensura
928 2216 1107 2294 Temporum
1123 2237 1188 2296 cap.
1205 2221 1254 2281 16.
1276 2216 1373 2296 Alyat-

265 2285 365 2354 mlmt
376 2272 453 2361 duxti
465 2283 548 2356 ἔῑθυς
559 2283 613 2366 οὐχ
627 2289 782 2372 ν’ὂροχόος,
805 2297 846 2371 ὥς
856 2297 1027 2378 Ῥωμαίοις,
1040 2295 1126 2361 ‘titt
1139 2295 1282 2381 κᾶρκινος
1294 2297 1372 2380 aptis

264 2361 323 2448 γὰρ
333 2370 376 2451 τῷ
387 2371 519 2452 καρκίνῳ
529 2367 551 2449 ἡ
560 2377 676 2447 >jueta
688 2375 728 2456 ἣν
738 2379 828 2454 κὐνός
843 2379 951 2463 dorico
960 2381 1139 2462 οῑἝλληνες
1150 2386 1263 2462 φασίν·
1287 2388 1372 2445 Νον-

263 2454 358 2530 μηνία
372 2448 404 2511 d’
419 2445 522 2526 αὕτοῖς
535 2453 557 2535 η’
570 2453 704 2534 Σωθεως
720 2459 864 2546 α’νατολή.
908 2468 1071 2546 Aegyptiis
1089 2472 1166 2526 αιιιιὶ
1175 2470 1370 2548 principium

262 2555 323 2594 non
337 2535 499 2614 Aquarius
520 2549 580 2616 est,
601 2546 685 2602 velut
699 2549 869 2626 Romanis,
891 2550 946 2608 sed
963 2549 1094 2610 Guricer:
1110 2574 1207 2632 prope
1221 2573 1370 2611 cancrum

261 2623 343 2678 enim
358 2622 463 2679 Sotlu's
478 2636 540 2701 est,
563 2650 650 2706 quem
670 2634 781 2692 Graeci
797 2640 884 2695 canis
898 2639 1018 2695 stellam
1040 2636 1158 2697 dicunt.
1202 2639 1369 2696 Neomenias

264 2725 331 2764 vero
345 2708 433 2763 cattis
446 2721 566 2768 exortus
580 2725 623 2771 est
636 2719 722 2794 ipsis.
764 2721 796 2780 si
812 2722 885 2803 quid
902 2721 944 2781 ibi
956 2724 994 2782 de
1003 2721 1199 2804 Aegyptiacis
1214 2722 1369 2802 Dynastiis

263 2790 403 2851 observat
416 2794 547 2872 Scaliger
560 2802 703 2863 caecutio.

351 2874 438 2939 Θιοῖν
451 2881 503 2941 καὶ
519 2879 657 2969 ἡμιθέων
673 2884 793 2950 νεκύων
815 2889 866 2952 καὶ
882 2891 1028 2972 θνητῶν]
1053 2892 1136 2966 Quos
1149 2912 1232 2971 reges
1247 2893 1369 2972 Aegyp-

260 2959 300 3018 tii
321 2958 397 3019 Deos
413 2962 614 3028 existimarint
629 2977 755 3052 exponit
770 2975 910 3036 Manetbo
925 2980 1006 3058 apud
1023 2978 1184 3037 Eusebium
1205 2978 1259 3038 lib.
1277 2984 1307 3042 2.
1329 2979 1383 3037 dc.

263 3046 400 3124 Prosper.
420 3049 534 3128 living.
551 3075 617 3136 cap.
633 3063 663 3122 1.
680 3057 815 3118 homines
831 3061 973 3120 nimirum
989 3065 1130 3121 mortales
1148 3063 1281 3122 eiusdem
1298 3082 1368 3122 cum

264 3129 421 3191 caelitibus
436 3135 581 3215 nominis,
603 3152 730 3221 propter
742 3146 918 3226 sapientium
933 3158 962 3206 et
977 3147 1147 3208 communia
1161 3149 1194 3207 in
1209 3147 1367 3208 hominum

263 3234 356 3291 porrus
377 3220 500 3296 merita,
525 3236 554 3283 et
578 3227 611 3284 in
634 3230 795 3310 Rerirpubl.
816 3231 933 3292 felicius
954 3233 1190 3302 administratam
1210 3233 1366 3310 beneficis,

263 3301 480 3364 immortalium
496 3306 659 3372 bonoribus
674 3324 703 3372 et
717 3317 776 3376 aris
792 3317 939 3394 donatos3
961 3317 1129 3393 semideos,
1151 3317 1287 3378 homines
1301 3317 1366 3376 ani-

262 3400 326 3442 mas
343 3387 481 3448 caelestes
495 3391 603 3456 babere
619 3400 748 3461 creditos
764 3423 923 3482 sacrasque
942 3415 1073 3479 mentes,
1094 3404 1127 3462 in
1144 3405 1239 3463 totius
1258 3402 1366 3462 mundi

263 3473 419 3530 commoda
438 3494 628 3558 procreatos,
651 3486 779 3548 Deorum
795 3498 895 3548 tamen
916 3490 1086 3548 nominibus
1105 3489 1187 3549 baud
1207 3489 1366 3566 insignitos

262 3551 310 3632 (ut
328 3557 435 3615 scribit
452 3563 613 3651 Eusebius)
634 3571 757 3650 opinata
779 3583 824 3633 est
848 3575 1010 3654 antiquitas
1032 3575 1114 3656 apud
1138 3578 1163 3634 G
1187 3575 1305 3633 raldum
1328 3573 1366 3632 dc

262 3636 327 3696 llib
346 3640 486 3701 Gentium
511 3653 703 3731 syntagmate
727 3664 755 3723 1.
776 3652 906 3737 νεκύας,
935 3660 1048 3720 Heroas
1072 3597 1230 3735 Semidiris,
1259 3659 1365 3716 eodem
1530 3661 1531 3746 J

264 3723 399 3802 Gyraldo
418 3737 507 3808 teste,
530 3737 659 3797 minores
682 3741 882 3822 interpretor,
905 3766 1033 3825 quorum
1054 3746 1154 3806 Manes
1171 3739 1235 3825 (eos
1251 3743 1366 3824 quippe

262 3828 330 3869 vox
344 3805 450 3887 νεκῦες
464 3817 592 3904 indicat)
610 3833 678 3903 post
694 3837 822 3886 mortem
836 3832 929 3890 sacri:
955 3827 1091 3912 θνητοιῖς
1109 3830 1230 3888 tandem
1252 3839 1364 3887 morta·

262 3895 308 3955 les
323 3895 457 3958 homines
477 3905 602 3984 reliquis
627 3910 816 3990 conditione,
837 3915 1001 3975 virtutibus
1022 3917 1121 3974 animo
1143 3934 1205 3972 non
1223 3914 1362 3994 impares.
1401 3977 1406 3988 ,
1530 3979 1531 4014 J

264 3981 371 4041 Melius
387 3988 536 4050 Semideos
551 3991 671 4054 Autbor
684 3995 809 4058 inferius
824 4021 892 4080 pag,
906 4006 957 4070 51.
974 4003 1009 4060 D.
1032 4001 1150 4061 eosdem
1172 4009 1274 4059 censet
1288 4019 1362 4080 quos

264 4076 295 4126 et
313 4064 431 4144 νεκύας,

353 4153 432 4233 Τοὺς
445 4155 529 4244 papi]
551 4162 631 4223 Haec
646 4165 817 4246 parenthesi
831 4169 961 4244 inclusa,
983 4188 1030 4226 me
1043 4168 1153 4244 iudice,
1174 4167 1361 4229 redundanti

265 4256 370 4299 eorum
391 4244 457 4304 vice
481 4250 629 4327 particula
652 4249 749 4332 ἤγουν
774 4254 936 4324 substituta
959 4255 1083 4332 planum
1107 4255 1208 4314 reddit
1232 4275 1359 4314 sensum.
1530 4267 1531 4274 ’

266 4324 299 4385 oi
313 4323 370 4408 ydp
387 4327 462 4411 παρ’
483 4329 585 4410 αὐτοῖς
598 4333 789 4409 παλαιότατοι
804 4341 979 4420 σεληναίους
996 4339 1129 4418 ἔφασκον
1146 4335 1242 4418 εἶναι,
1264 4336 1359 4421 lyam
1530 4413 1531 4416 ,

265 4416 425 4491 μηνιαίους
435 4417 506 4496 τούς
518 4417 682 4500 ἐνιαυτούς.
716 4425 849 4506 Scaliger
862 4434 1016 4510 expuncto
1030 4431 1085 4492 τοῦ
1089 4469 1100 4506 ,
1121 4429 1284 4509 μηνιαίονς
1296 4441 1359 4505 9³8·
