3109 4959
238 402 289 475 64
712 410 848 481 Gonul

238 568 277 629 ad
298 578 404 629 metam
424 588 518 649 usque
532 560 594 629 non
615 568 771 650 perduxit:
803 568 900 651 operis
921 579 1019 651 partes
1033 579 1126 630 tersas
1146 580 1177 630 et
1190 572 1323 633 elimatas

237 654 370 715 reddidit
385 654 556 730 nonnullas,
578 652 718 733 quasdam
737 654 808 713 rudi
831 664 860 714 st
878 654 983 735 pingui
997 656 1128 715 hlinerra
1148 656 1236 735 plane
1254 656 1324 716 hor·

237 738 316 799 ridas
331 747 360 797 et
374 738 526 798 insuaves:
548 738 715 798 summatim
738 737 857 798 dicanti
879 740 1022 818 Georgius
1035 740 1195 817 scribebat,
1217 750 1248 799 at
1262 761 1324 801 non

238 824 404 899 recensuit,
435 823 606 901 castigavit,
627 822 775 901 expolivit
795 819 884 903 opus:
914 821 996 903 quod
1015 834 1172 901 memorat,
1194 834 1324 904 praeter-

240 908 348 983 mittit,
376 907 456 987 quod
470 907 633 987 promittit,
656 928 717 966 non
731 908 830 987 potuit
849 909 979 987 exsequi.
1020 909 1156 981 Quiantae
1176 928 1247 968 roro
1268 908 1323 967 sub

242 990 374 1051 dictante
394 992 581 1071 quantumvis
604 991 743 1069 diligente
759 1000 790 1051 et
804 1001 917 1052 attento
936 994 1155 1053 interseruntur
1171 992 1323 1053 oscitantis

240 1075 407 1156 exceptoris
427 1075 693 1135 hallucinationes?
722 1075 806 1148 Quot
823 1077 904 1137 vitiis
922 1078 1035 1158 scripta
1053 1098 1106 1137 sua
1128 1098 1190 1137 non
1212 1098 1323 1157 resper-

239 1172 313 1241 gunt
331 1160 466 1221 librarii?
493 1161 532 1220 At
549 1161 586 1220 de
607 1160 654 1219 his
673 1160 859 1222 commodior
877 1172 1016 1240 sequetur
1034 1162 1217 1225 observatio:
1248 1162 1325 1221 inte-

239 1245 297 1305 rim
314 1244 564 1324 quodpraemisi,
587 1244 727 1325 quodque
747 1247 905 1322 contendi,
928 1247 1114 1307 severissimo
1135 1245 1326 1326 discepttioni

239 1349 287 1391 me
307 1330 500 1409 probaturum
520 1328 648 1390 conlido.
692 1329 736 1388 lta
760 1339 821 1402 est,
843 1331 983 1411 inquam,
1007 1332 1149 1411 Georgius
1170 1331 1325 1405 scribebat,

240 1423 270 1473 at
285 1434 346 1473 non
364 1413 541 1492 recognovit
554 1411 612 1493 ²⁹³).
654 1413 736 1487 Quid
754 1414 871 1474 enimsi
891 1425 1094 1493 retractasset,
1115 1417 1241 1475 natalem
1260 1416 1326 1475 hla-

239 1497 373 1558 thusalae
394 1499 471 1558 diem
488 1498 521 1557 in
543 1518 654 1557 annum
669 1520 687 1557 a
704 1499 810 1557 mundi
831 1498 954 1559 conditu
977 1505 1066 1566 1287.
1108 1500 1254 1575 Africani,
1276 1499 1326 1558 vel

239 1593 401 1662 supputum
416 1584 503 1642 ctiam
518 1583 673 1663 proprium
686 1593 843 1662 sequutus,
866 1584 1050 1643 coniecisset:
1072 1604 1143 1643 nrox
1158 1605 1228 1643 vero
1242 1583 1327 1662 quasi

239 1668 343 1747 scripti
359 1668 530 1747 poenitens,
553 1678 583 1726 et
597 1668 820 1729 scribendorum
834 1668 914 1728 haud
932 1670 1082 1748 praescius
1094 1666 1157 1746 ²⁸),
1178 1668 1239 1741 imo
1255 1688 1326 1727 cum

240 1751 313 1825 sibi,
335 1761 398 1809 tum
419 1753 560 1812 Africano
579 1754 761 1827 contrarius,
783 1753 976 1812 hlothusalam
993 1754 1118 1813 eundem
1136 1773 1214 1811 ansae
1235 1756 1325 1818 1273.

239 1845 341 1895 aratum
357 1858 417 1895 non
431 1837 534 1897 suisset
547 1838 658 1896 veritus
671 1838 821 1897 asserere'l
843 1840 967 1917 Scriptis
981 1837 1140 1913 recognitio
1155 1846 1185 1895 et
1200 1839 1327 1915 castiga-

238 1919 277 1978 tis
299 1930 365 1997 post
383 1942 476 1980 arsnos
497 1920 577 1981 vitae
598 1927 668 1988 969.
690 1944 717 1981 e·
731 1922 838 1981 mundi
859 1927 940 1989 1273
956 1923 993 1981 ad
1014 1924 1097 1989 2242
1118 1933 1147 1982 et
1168 1921 1326 1995 diluvium,

238 2002 424 2065 Mathusalae
446 2016 572 2065 mortem
594 2026 721 2086 ponere,
751 2027 823 2067 mox
843 2006 952 2067 horum
971 1997 1141 2081 immemor,
1170 2008 1230 2065 lieo
1248 2000 1327 2067 καθ’

240 2084 295 2161 οὓς
321 2085 385 2153 eide
405 2084 514 2164 τόπους
534 2089 584 2152 καὶ
602 2085 730 2171 τρόπους
751 2112 812 2151 una
836 2112 903 2151 eum
924 2090 1027 2177 Enoch
1045 2089 1239 2151 hlathnsalam
1263 2109 1328 2149 ser-

241 2176 346 2248 vante,
368 2176 495 2233 eundem
517 2174 601 2233 annis
625 2176 663 2240 14
686 2176 831 2235 diluvium
851 2177 947 2253 ipsum
968 2195 1137 2255 superasse,
1164 2185 1194 2235 et
1216 2194 1328 2234 annum

240 2276 409 2316 renunciasse
425 2262 507 2323 2256
531 2258 629 2337 potuit
643 2260 790 2319 aslinnarc
804 2258 874 2338 ²⁴)i’
894 2261 998 2335 Quid'l
1020 2261 1066 2318 An
1080 2280 1141 2317 non
1155 2258 1255 2319 obitus
1268 2260 1330 2318 llla·

236 2340 374 2401 'thusalae
387 2344 490 2400 tertius
503 2342 541 2399 ad
556 2362 665 2401 ararium
681 2346 774 2409 2236.
788 2363 855 2423 pag.
870 2351 920 2411 22.
935 2345 970 2406 G.
986 2344 1132 2417 retertur,
1153 2364 1170 2401 a
1186 2363 1246 2421 quo
1262 2363 1328 2402 mo-

238 2425 334 2485 rosius
358 2426 561 2502 discutiendo,
583 2426 665 2505 quod
689 2430 914 2486 commentantis
933 2428 966 2487 id
983 2428 1022 2487 sit
1039 2446 1165 2503 inunus,
1187 2426 1328 2485 abstineo.

238 2510 297 2570 Hie
310 2530 363 2587 ego
379 2510 559 2587 scaligerum
576 2510 760 2571 familiariter
774 2513 936 2572 conivenio:
958 2512 1039 2593 quod
1055 2512 1211 2591 syncellus
1223 2510 1328 2591 pagina

241 2595 341 2654 eadem
357 2600 407 2660 21.
420 2596 525 2670 semel,
546 2604 575 2652 et
588 2615 689 2653 rursus
700 2597 763 2654 Noe
778 2606 896 2672 ortum,
920 2606 949 2655 et
963 2607 1047 2656 ortus
1063 2616 1174 2666 annum
1189 2603 1328 2675 exponat,

240 2687 270 2737 et
284 2699 378 2758 pagg·
384 2678 497 2759 pariter
512 2685 563 2745 62.
582 2680 613 2741 B.
632 2689 661 2738 et
679 2686 729 2745 69.
750 2680 784 2741 A.
805 2682 842 2740 de
859 2682 998 2761 llynastia
1019 2680 1131 2740 decima
1148 2690 1270 2755 octava,
1291 2680 1330 2739 de
1363 2685 1369 2696 '

239 2763 355 2823 Amoris
369 2784 478 2840 regno,
500 2762 647 2842 lllosisque
661 2765 716 2823 sub
730 2785 763 2823 eo
777 2766 868 2825 natali
889 2766 1041 2847 conceptis
1059 2766 1156 2826 verbis
1172 2766 1271 2824 eadem
1291 2784 1329 2823 ex

240 2847 381 2907 Alricano
401 2849 503 2923 iteret,
526 2849 626 2908 eadem
647 2849 813 2927 insaporet
831 2872 890 2909 non
912 2852 1064 2910 immutata
1087 2852 1124 2909 de
1146 2850 1267 2909 Sedeeia
1290 2869 1329 2907 ex

241 2931 374 2991 Africani
388 2933 557 2991 narratione
572 2952 653 3011 pagg.
670 2938 739 2999 219.
754 2943 784 2992 et
797 2940 869 3001 223.
886 2936 918 2995 iu
931 2937 1061 2995 medium
1077 2936 1221 3002 adducta,
1244 2954 1329 2992 com-

242 3016 382 3094 munique
393 3017 487 3075 totius
501 3017 582 3075 orbis
596 3018 712 3075 diluvio
726 3019 842 3098 saepius
858 3021 1008 3101 descripto
1022 3021 1219 3094 stimulante,
1241 3018 1330 3095 Egre-

241 3120 382 3175 gororum
396 3099 552 3160 historiam
567 3101 652 3179 longe
668 3101 798 3179 priorem
815 3104 913 3165 denuo
931 3106 1005 3165 velit
1020 3104 1191 3183 repetitam,
1212 3113 1330 3183 praeter
1443 3164 1447 3167 .

240 3182 332 3261 llaec,
359 3185 481 3245 secundi
507 3186 620 3244 Cainan
642 3186 831 3263 allirmandi,
859 3190 935 3267 regis
960 3190 1016 3250 sub
1037 3210 1098 3269 quo
1122 3187 1269 3269 profectio
1290 3207 1331 3246 ex

242 3269 377 3347 Aegypto
398 3280 552 3349 suscepta,
574 3271 757 3351 captivitatis
777 3294 940 3350 annorum,
962 3283 992 3335 et
1008 3273 1179 3334 huiusmodi
1195 3272 1329 3351 reliquo-

242 3373 310 3412 rum
324 3354 377 3412 liat
393 3365 521 3415 assertor
535 3377 623 3436 supra
639 3356 762 3417 niodum
781 3358 984 3438 importunas,
1005 3360 1029 3419 si
1045 3359 1155 3418 dictata
1177 3357 1330 3417 recoluis-

241 3446 304 3512 set,
325 3438 357 3496 in
376 3436 449 3499 haee
465 3460 597 3519 unquam
615 3440 689 3499 vitia
709 3443 757 3502 vir
771 3439 1003 3525 ἐλλογιμώτατος
1026 3444 1129 3503 suisset
1152 3438 1329 3521 prolapsus?

241 3522 286 3579 Ex
301 3520 516 3600 Clnonologiae
534 3525 642 3585 tabulis
656 3526 693 3583 ad
708 3526 803 3606 ipsius
822 3530 952 3607 Syncelli
970 3548 1108 3588 numeros
1123 3527 1228 3587 allectis
1244 3543 1330 3604 para·

241 3604 426 3667 chronismon
442 3611 572 3686 Syncelli
587 3611 739 3689 proferunt
755 3612 817 3670 sole
836 3609 999 3675 clariore's'?
1024 3615 1065 3672 Ut
1086 3612 1177 3672 variis
1195 3605 1330 3668 auctori-

240 3689 298 3750 bus
319 3700 349 3750 et
364 3691 447 3751 libris
461 3692 498 3751 ad
515 3690 639 3775 ἐκλογήν
655 3697 920 3768 eoimrcinandam
937 3718 1026 3773 usus,
1046 3694 1228 3756 variantibus
1249 3712 1331 3772 quo-

242 3795 300 3854 que
318 3775 440 3837 calculis
456 3774 585 3837 hominis
607 3779 734 3839 eiusdem
754 3790 895 3858 aetatem,
916 3785 966 3843 vol
981 3780 1098 3862 imperii
1115 3778 1219 3838 seriem
1234 3782 1330 3837 totam

241 3870 454 3942 prosequatur,
476 3880 514 3920 ex
528 3859 584 3919 hae
599 3861 632 3921 in
646 3864 768 3924 alteram
785 3866 955 3945 opinionem
980 3873 1126 3937 tremeat,
1147 3862 1330 3942 scriptorum

241 3944 383 4005 eiusmodi
405 3939 572 4027 α’ντιλογίας
596 3947 752 4026 admittat,
784 3970 861 4028 quae
882 3954 932 4012 vel
954 3960 1051 4011 ments
1078 3947 1252 4022 contusum,
1280 3946 1330 4007 vel

242 4040 393 4089 auctorem
412 4037 535 4106 arguant
552 4031 669 4108 penitus
685 4031 910 4094 immemorem?
939 4036 1047 4094 Confer
1060 4050 1144 4112 pagg·
1169 4034 1211 4097 68
1229 4040 1259 4090 et
1279 4036 1329 4097 69-

244 4133 313 4173 eam
329 4114 386 4174 alia
404 4119 472 4184 126.
515 4114 587 4175 lllae
602 4116 823 4177 accuratissimo
832 4162 842 4194 ,
864 4119 888 4177 si
904 4137 973 4181 vers
987 4117 1167 4198 gloriantur,
1189 4124 1330 4197 eosnputo

277 4312 409 4439 ”tlte
427 4316 462 4370 ao
480 4322 508 4368 a
525 4316 568 4372 sa.
587 4315 618 4368 u.
693 4315 742 4383 aa)
759 4315 822 4384 rag.
836 4316 915 4371 crisa
934 4318 977 4372 so.
1055 4314 1104 4383 aa)
1120 4316 1185 4387 rag.
1197 4316 1240 4371 ao.
1254 4311 1334 4368 aaa
