3109 4959
206 400 255 469 68
684 402 820 471 Gonnt

207 564 293 643 gibus
306 560 509 637 hallucinatio,
532 560 612 621 eirea
629 559 766 621 coelicum
784 580 939 622 sacrorum
951 558 1127 621 usumsnles
1140 561 1296 629 instabilis.

207 661 237 708 et
264 648 311 707 his
339 647 489 707 observari
511 646 676 726 promissis,
704 646 829 705 eiusad
855 647 928 705 alios
948 646 1297 718 inconstans-transitus,

206 732 387 814 prooemium
403 732 531 791 Cononis
546 743 640 793 totum
653 732 804 793 erroribus
822 743 947 806 scatens,
969 732 1099 790 filiorum
1112 732 1198 789 lacob
1211 742 1299 789 nata-

207 821 242 879 lis
255 818 319 878 dies
330 818 412 898 aputl
425 836 492 876 eum
507 818 575 876 seclo
588 816 708 897 propria
723 826 839 892 motus,
859 816 992 895 blosique
1014 816 1144 895 Cecrops
1168 826 1299 894 tempore

208 905 280 963 salso
304 904 498 974 coniunctus,
520 902 632 961 l'lraeee
654 903 725 960 anni
745 903 783 959 ad
802 923 930 979 aequum
950 921 1106 961 numerum
1130 901 1211 979 apud
1231 892 1297 958 curn

206 1009 269 1047 non
285 997 494 1067 prorogantur,
517 986 605 1045 Amos
621 987 698 1065 regis
714 996 831 1065 praeter
843 988 973 1045 debitum
988 994 1143 1063 augentur,
1167 984 1298 1063 Astyagis

206 1072 314 1131 iterum
333 1071 530 1145 minuuntur,
551 1072 734 1149 captivitatis
756 1081 928 1130 statuuntur
941 1080 1025 1128 extra
1040 1070 1165 1144 limites,
1188 1072 1220 1126 in
1237 1071 1299 1127 eius

207 1158 334 1234 denique
352 1157 472 1234 seriptis
491 1156 568 1214 nihil
593 1176 654 1213 non
674 1158 831 1213 confusum
844 1167 874 1216 et
893 1156 1096 1235 perturbatum
1109 1152 1166 1230 ⁴⁰).
1211 1154 1300 1211 Levia

208 1243 306 1299 lbrent
325 1240 397 1299 haec
412 1241 473 1298 litis
487 1241 519 1299 in
534 1240 692 1299 Eusebium
705 1242 859 1317 agitandae
873 1241 971 1321 capita
986 1240 1043 1298 nisi
1058 1238 1197 1298 convitiis
1211 1239 1300 1297 etiam

207 1326 333 1383 crimina
356 1335 542 1399 causaretur,
565 1346 599 1381 ac
620 1324 709 1383 ruoilo
731 1347 797 1405 pag.
824 1328 896 1391 153.
916 1319 1136 1406 ἐμβρόντητον,
1150 1325 1301 1399 seclierinis

206 1412 271 1467 ictu
288 1413 491 1489 stupefactum
506 1422 533 1466 et
548 1402 727 1483 attonitam,
745 1405 899 1490 ’φρόνιμον
913 1408 987 1471 κατὰ
1003 1404 1191 1487 clericionem,
1214 1428 1300 1467 sensu

205 1495 352 1553 locutioni
377 1494 514 1573 opposito
534 1495 711 1573 prudentem
724 1513 792 1573 pag.
807 1498 876 1559 168.
893 1504 923 1553 et
938 1514 1006 1574 pag.
1022 1494 1142 1551 demum
1155 1492 1229 1557 364.
1245 1515 1297 1571 po·

205 1574 384 1661 τνιὸφρονος
405 1574 575 1660 Ὠριγὲνονς
598 1574 757 1660 ὁμόφρονα
774 1599 842 1637 eum
860 1599 936 1636 varie
955 1577 1087 1657 sapiente
1102 1577 1230 1653 Origene
1241 1596 1302 1634 una

206 1664 368 1743 sapientem
391 1673 519 1723 vocaret.
563 1663 705 1721 subtilius
729 1672 833 1721 utrum
847 1664 896 1721 vel
917 1662 1081 1720 animosius
1102 1660 1149 1720 his
1166 1680 1229 1719 sese
1244 1682 1302 1740 op-

206 1757 298 1829 ponat
309 1746 421 1807 vindex
435 1747 555 1807 Eusebii
572 1747 718 1825 Scaliger,
739 1748 895 1807 incertum.
938 1748 1132 1806 Obiectorurn
1147 1744 1302 1823 quaedam,

206 1852 262 1891 eeu
285 1832 452 1906 verissima,
474 1832 620 1906 admittit3
642 1833 772 1911 propriis
785 1832 951 1891 rationibus
965 1832 1022 1889 alia
1038 1851 1070 1888 se
1081 1830 1228 1909 depellere
1240 1849 1303 1910 pu-

205 1926 267 1991 tnt3
288 1917 469 1995 sparsimque
491 1937 546 1995 per
566 1916 833 1975 animadversiones
857 1917 914 1975 tria
930 1914 1050 1993 Georgii
1072 1915 1221 1973 levissima
1251 1915 1302 1971 di-

206 2000 298 2060 cteria
325 2003 382 2061 lert
400 2001 536 2078 gravius,
565 2010 595 2059 et
623 2001 719 2081 plenis
739 2002 990 2079 aeeurnulatisque
1011 2001 1151 2078 plaustris
1174 1997 1303 2073 Georgio

153 2152 157 2157 Ι
207 2086 400 2144 contumelias
416 2084 452 2143 ab
466 2085 575 2144 Altaria
591 2083 634 2165 41)
650 2086 789 2144 collectas
802 2084 889 2146 hasce
901 2086 1048 2166 rependit,
1060 2085 1224 2159 some'liori
1231 2103 1303 2161 per·

205 2174 323 2231 tinacia
350 2170 505 2244 volatum,
527 2192 585 2227 uon
599 2182 718 2246 praeter
733 2172 860 2226 solitum
880 2172 991 2234 levent,
1013 2170 1251 2226 hallucinantem
1265 2187 1303 2223 ne

205 2252 354 2327 delirum,
378 2256 536 2335 insigniter
550 2252 694 2328 eleliremr,
714 2256 944 2326 stultissimum,
967 2246 1097 2331 indigno
1108 2250 1193 2309 dictu
1200 2253 1303 2329 plera·

205 2358 264 2417 que
286 2350 477 2411 evomentem,
506 2338 681 2395 latratorem
712 2336 878 2411 vecordem,
894 2339 991 2413 plane
1008 2336 1172 2415 puerilem,
1195 2335 1302 2393 addam

205 2441 275 2499 ego,
302 2423 466 2483 latrantem
494 2442 615 2495 carrena,
627 2424 837 2498 frivolis-sima
861 2425 1086 2494 erraneiantem,
1107 2419 1222 2477 durrem
1240 2440 1301 2499 pro

206 2526 288 2563 more
303 2516 537 2581 persecutorem,
559 2507 762 2587 μεμψίμοιρον
775 2515 805 2564 et
822 2501 1031 2585 pelipoppov,
1058 2505 1219 2584 appellans.
1261 2504 1323 2563 Atx

205 2588 279 2647 lraee
295 2589 417 2667 indigna
432 2588 631 2670 Plrilosopho,
653 2592 812 2669 animoque
824 2590 952 2667 ingenuo
966 2601 1053 2667 sunt,
1072 2589 1200 2648 Allatius
1217 2608 1302 2648 meus

204 2675 393 2753 pronunciat.
436 2675 533 2733 Satius
557 2685 602 2733 est
620 2675 685 2735 sine
698 2675 764 2735 istis
777 2675 965 2737 contumeliis
980 2677 1017 2737 de
1032 2674 1182 2736 erroribus
1194 2673 1300 2734 admo·

204 2778 275 2819 aere
296 2767 327 2817 et
341 2757 478 2837 graviora
493 2758 643 2839 prosequi.

289 2859 350 2920 ΜΒ.
371 2879 409 2932 ex
424 2879 484 2938 quo
500 2858 598 2919 editus
609 2858 662 2919 hie
677 2859 792 2937 codex,
811 2860 918 2941 llegiae
930 2857 1131 2921 llrlrliotheoas
1143 2858 1301 2940 suppellex

204 2942 328 3022 insignis
347 2953 407 3020 est,
429 2953 460 3003 et
479 2964 542 3003 eam
565 2945 735 3025 locupletat
778 2946 856 3005 Ante
870 2966 964 3005 annos
990 2954 1110 3003 centum
1125 2954 1154 3004 et
1169 2944 1300 3024 quadra-

204 3027 286 3105 ginta
314 3029 444 3109 quinquo
464 3028 599 3089 Corinthi
620 3041 775 3110 repertus,
796 3032 913 3091 felicem
934 3036 1040 3089 nactus
1062 3022 1109 3090 est
1127 3038 1300 3108 emptorem,

204 3121 235 3171 et
255 3114 441 3173 venditorem
458 3114 594 3195 probavit
607 3115 767 3177 liberalem.
808 3115 943 3177 Nunuuis
959 3114 1056 3173 aureis
1076 3123 1207 3193 quotuor
1218 3113 1300 3173 dun·

204 3206 289 3257 taxat
301 3198 344 3257 ibi
350 3209 538 3277 eomparatur
551 3200 690 3259 loarmenr
704 3202 863 3261 Abrarnuur
873 3199 1200 3280 lrabuitpossesaorem:
1215 3218 1300 3257 nune

204 3301 278 3341 auro
297 3302 493 3363 purpuraque
515 3293 611 3344 tectus
632 3285 713 3345 illius
735 3306 911 3367 gazaepars
929 3295 975 3345 est
987 3283 1191 3364 praestabilis,
1212 3283 1299 3342 euius

204 3386 305 3425 reram
320 3369 493 3427 excellentia
506 3368 634 3448 pretium
649 3372 845 3440 commendat,
859 3381 940 3431 etex
954 3367 1133 3450 possidentis
1149 3368 1300 3427 maiestate

204 3451 338 3529 pretium·
349 3465 519 3531 supremum
531 3453 679 3533 aceeditri
696 3460 835 3530 παροῦσα
848 3457 961 3535 βίβλος,
982 3454 1065 3513 lestis
1074 3452 1222 3534 eclipsim
1237 3450 1300 3531 epi-

205 3534 315 3613 graphe
328 3530 459 3615 ἔττριᾶθη
475 3534 556 3615 παρὰ
566 3532 703 3601 Ἰωάννου
715 3534 864 3621 Ἀβράμου
873 3540 905 3601 ἐν
913 3539 1058 3641 Κορίνθῳ
1064 3531 1299 3615 Πελοποννήσου

205 3616 239 3679 ἐν
247 3618 295 3696 ἔτη
312 3644 370 3702 ,οφ
380 3614 412 3693 ἴ.
441 3623 596 3706 Νοεμβρίῳ
609 3623 681 3702 μηνὶ
693 3628 828 3707 κοσμικρί
840 3623 897 3686 ἔτει
909 3626 964 3707 ,ξις
984 3618 1120 3703 petissio
1130 3616 1224 3702 (eosic)
1238 3614 1297 3684 aisti

204 3701 357 3765 Βεννὲτων
377 3698 567 3779 ἀποστάσεως
586 3702 749 3787 χρόνονςέ
774 3704 825 3769 leri
839 3710 986 3790 χρυσίνονν
997 3701 1160 3787 τεσσάρων.
1205 3704 1299 3765 Usum

203 3786 287 3847 illius
305 3788 348 3845 ita
368 3786 544 3849 desideravit
566 3786 709 3870 losopbus
725 3793 869 3871 Scaliger,
891 3793 1021 3853 utillius
1034 3789 1233 3870 consequendi
1245 3808 1298 3871 spe

204 3872 381 3944 frustratus,
411 3884 577 3953 susceptam
612 3876 732 3935 Eusebii
765 3877 981 3957 reparationem
1012 3874 1103 3935 vellet
1137 3874 1298 3950 dimittere,

205 3974 305 4033 quam,
327 3966 360 4015 ut
379 3956 435 4014 sibi
447 3956 589 4035 fingebat,
611 3960 813 4040 imperfectam
834 3963 946 4042 absque
957 3960 1039 4021 illius
1053 3978 1110 4041 ope
1124 3960 1221 4020 nollet
1236 3979 1298 4041 pu.

204 4038 323 4099 blieare.
373 4040 467 4099 Furto
489 4062 527 4101 ex
548 4045 637 4122 [legia
656 4046 839 4123 Bibliotheca
857 4047 996 4126 periisse,
1022 4053 1058 4104 ut
1088 4044 1298 4115 nunciabatur,

204 4123 386 4203 aliquamdiu
402 4128 514 4186 frustra
529 4130 666 4206 credidit,
686 4119 725 4191 ix
741 4132 792 4192 lib.
806 4138 837 4198 2.
855 4131 948 4211 Epist.
965 4130 1067 4197 151et
1086 4132 1158 4197 152.
1179 4128 1298 4205 Lugdu·

237 4302 381 4433 τορμρρὲ
390 4310 432 4391 os.
460 4308 503 4364 or.
539 4312 581 4367 es.
598 4311 646 4395 1⁹·
665 4314 724 4371 ros.
745 4315 803 4371 ris
824 4313 883 4369 m.
909 4314 969 4369 soa
988 4309 1048 4372 nt.
1073 4313 1134 4369 sse.
1154 4310 1216 4366 sse
1235 4309 1296 4365 ase
1315 4288 1319 4291 ’

306 4434 310 4441 ,
382 4378 449 4432 triba
461 4380 495 4433 a·
506 4378 639 4452 Georgrn.
