3109 4959
420 379 435 434 ³
528 418 589 486 nr
609 418 962 490 Annorsnonns.
1214 362 1291 488 479

280 573 355 657 Ἔπη
365 570 417 642 κε’.
433 580 489 640 rosi
502 569 659 656 disideras
673 568 800 662 ,duum
823 573 1037 637 Chaldaeorum
1046 578 1129 658 regni
1143 579 1292 661 primique

207 677 310 721 corum
331 663 407 740 regis
428 661 612 720 Nabonasari
632 663 760 740 primum
781 682 922 721 aunuma
939 663 1053 739 vulgari
1072 665 1178 724 mundi
1198 667 1292 733 4747.

207 747 420 826 auspicandum
434 756 538 806 monet
552 747 660 804 citatus
673 745 725 806 hic
738 747 810 812 424.
825 766 971 806 annorum
985 749 1125 826 calculus,
1146 750 1208 809 sive
1222 752 1292 810 Pto·

206 830 345 890 lernaicus
365 833 436 899 424.
460 851 605 890 annornm
628 832 744 906 Canem
766 830 804 888 als
820 853 886 891 sera
900 833 1080 893 Nabenasari
1097 854 1214 894 sumens
1233 835 1291 894 ini.

207 915 292 990 tium,
309 925 337 974 et
349 916 381 975 in
398 909 522 975 irrortern
539 915 701 974 Alexandri
715 915 863 990 desinens,
878 918 911 975 in
924 936 1035 975 annuns
1048 919 1187 978 videlicet
1197 924 1291 986 5170.

205 1019 296 1076 quare
313 1001 415 1058 Cenon
432 1001 484 1058 illc
496 999 567 1066 424.
581 1019 726 1060 armorum
746 1021 763 1057 a
782 1002 886 1060 mundi
901 1003 993 1066 4747.
1007 1002 1134 1082 primam
1149 1005 1291 1062 decursus

204 1084 348 1161 originem
363 1085 493 1164 accepit:
516 1085 696 1164 eundemque
710 1105 864 1144 numerum
877 1085 995 1144 llutlror
1007 1087 1071 1167 ipse
1084 1087 1121 1146 de
1135 1087 1292 1148 Ptolemaei

205 1169 324 1226 Canone
348 1170 492 1228 disserens
512 1169 636 1228 inferius
650 1190 714 1250 pag.
735 1175 806 1251 206.
825 1172 857 1230 ll.
873 1191 935 1228 non
958 1173 1047 1229 semel
1068 1173 1291 1251 conscripturus

204 1262 258 1310 est.
279 1253 352 1312 lnde
366 1253 577 1313 Nabonasaraei
593 1255 873 1313 siveSalmsnasaria
886 1255 1029 1332 regni25.
1042 1256 1187 1316 duntaxat
1199 1277 1298 1314 annos

153 1353 162 1364 ’
204 1355 337 1415 repono,
357 1359 500 1417 paresque
521 1337 639 1399 Author
655 1340 687 1397 in
702 1340 829 1398 Canonis
846 1340 1064 1418 Ecclesiastici,
1086 1361 1174 1420 quens
1188 1341 1293 1421 sequi-

203 1430 270 1496 tur,
291 1423 386 1501 capite
401 1423 564 1482 conscribit
582 1445 647 1504 pag.
661 1427 731 1490 208.
747 1424 781 1482 l).
1217 1437 1220 1443 ’

277 1501 363 1580 “Here
378 1509 499 1588 γέγονεν
514 1501 667 1589 ἄρχομένῳ
680 1505 713 1578 ς’.
727 1508 784 1570 ἔτει
798 1502 950 1586 Ἐζεκίου]
972 1508 1061 1580 Quod
1074 1510 1211 1590 frequens
1229 1509 1292 1568 ani·

202 1589 362 1667 madvcrll,
384 1594 574 1672 importunus
589 1587 722 1667 inculco,
744 1593 907 1652 Authorem
926 1593 1016 1653 variis
1037 1615 1124 1653 usum
1142 1595 1242 1676 libris,
1262 1604 1291 1654 et
1307 1593 1389 1650 V·52

201 1675 383 1735 variantibus
391 1678 525 1736 admissis
540 1679 572 1735 in
589 1678 699 1757 scripta
710 1679 839 1736 numeris
854 1697 930 1757 opus
944 1678 1116 1756 impolitum
1130 1681 1293 1758 reliquisse.

201 1758 282 1818 Hinc
304 1781 442 1840 praesens
459 1763 639 1821 calculorum
659 1762 862 1842 perturbatio,
885 1773 915 1819 ct
933 1763 1078 1841 explosis,
1100 1765 1152 1842 qui
1173 1765 1292 1823 demum

201 1855 362 1904 occurrunt
374 1837 528 1926 approbati
543 1847 679 1918 calculis,
702 1867 739 1905 ex
760 1847 820 1904 illis
838 1847 868 1903 in
882 1847 955 1904 istos
968 1848 1148 1906 desultorius
1163 1849 1292 1927 scripto·

200 1930 242 1987 ris
258 1928 385 1988 eiusdem
401 1933 541 1990 incessus.
579 1931 619 1988 Ut
639 1931 731 2006 igitur
742 1930 895 1989 Manahem
913 1951 1006 1991 annos
1020 1934 1158 1992 nonnulli
1174 1933 1293 1992 codices

201 2012 358 2072 duodecim
380 2024 504 2092 putant,
534 2022 565 2072 ct
587 2014 638 2072 alii
662 2015 776 2089 decens,
810 2010 982 2074 ira'Phacee
1005 2038 1097 2075 annos
1118 2021 1166 2084 18.
1179 2018 1227 2076 rel
1240 2023 1291 2084 20.

201 2097 380 2174 quibusdam
401 2099 555 2157 codicibus
579 2099 813 2175 :ossignantibnm
840 2100 890 2158 alii
915 2121 982 2163 cum
1006 2102 1140 2161 Anthorc
1163 2103 1202 2161 ad
1222 2112 1291 2161 octo

200 2202 289 2260 supra
307 2183 418 2259 uiginti
443 2204 588 2242 sunnnarn
609 2203 711 2242 eornm
733 2186 841 2243 volunt
863 2187 1014 2262 attingere.
1057 2188 1104 2246 Ita
1121 2187 1292 2246 desultoriis

199 2263 282 2324 liisce
306 2267 429 2328 calculis
451 2269 595 2348 Georgius
618 2267 713 2344 ludit,
743 2270 827 2348 quasi
844 2271 1061 2349 spectatoribus
1082 2272 1211 2335 illudere
1231 2292 1291 2333 vo·

198 2349 298 2410 luerit.

274 2433 374 2497 ”Esses
391 2433 423 2496 δὲ
437 2431 500 2514 σξ’.]
527 2440 625 2515 Τριῶν
638 2435 776 2494 videlicet
799 2431 944 2511 δεόντων,
966 2439 1061 2498 tribus
1077 2440 1185 2500 minus.
1207 2440 1293 2499 lero-

198 2517 285 2576 boarn
302 2520 414 2598 quippo
429 2521 597 2597 tyrannidis
612 2521 729 2577 initium
746 2541 763 2576 a
778 2520 883 2578 mundi
898 2522 990 2586 4513.
1005 2523 1126 2583 ineunte
1143 2523 1293 2584 numerari
1404 2540 1405 2543 ’

198 2602 317 2681 coepit,
348 2614 377 2660 et
403 2603 493 2661 desiit
512 2623 634 2678 regnum
664 2603 755 2661 lsrael
779 2622 857 2661 anno
879 2626 895 2661 a
918 2607 1023 2663 mundi
1054 2608 1178 2666 conditu
1198 2608 1291 2674 4769·

197 2685 270 2745 'l'res
289 2687 390 2766 itaque
409 2708 426 2746 a
448 2694 519 2756 260.
540 2689 755 2748 desiderantur.
798 2688 880 2747 ldern
899 2689 1077 2751 confirmant
1097 2703 1187 2752 notae
1206 2691 1292 2751 inlo-

195 2789 299 2832 riores.

282 2851 367 2918 need
380 2853 414 2919 di
429 2855 581 2938 Εὖσέβιον
596 2849 710 2939 dandi]
732 2856 784 2914 Sic
796 2855 848 2914 ille
863 2869 1041 2922 numeraret.
1063 2860 1088 2918 A
1102 2859 1209 2919 mundi
1222 2869 1292 2921 ortu

196 2938 235 2998 ad
252 2941 398 3000 Abraham
410 2942 487 3001 diem
502 2945 628 3002 natalem
644 2943 713 3002 anisi
728 2941 821 3008 3184.
836 2941 1083 3026 intercipiuntur,
1102 2965 1141 3005 cx
1154 2965 1214 3026 quo
1228 2955 1288 3006 ter-
1301 2940 1333 2996 1'·
1350 2943 1386 2999 57

195 3025 277 3084 ndito
294 3027 333 3084 ad
348 3029 422 3086 Osce
436 3027 526 3086 finem
545 3034 635 3094 1270.
651 3037 805 3106 putantur.
847 3021 967 3086 Summa
983 3030 1078 3096 4454.

283 3107 366 3192 rupte
378 3108 413 3173 sd
427 3105 461 3182 ς’.
473 3105 624 3190 Ἐζεκίου]
645 3115 733 3172 Anno
747 3112 813 3170 loas
830 3114 926 3192 primo
943 3115 977 3172 in
990 3114 1093 3174 mundi
1107 3113 1293 3194 superiorem

196 3203 321 3269 evecto,
343 3215 377 3254 eo
393 3195 476 3274 quod
491 3195 649 3254 Gotlroliae
664 3216 811 3256 annorum
825 3202 857 3264 8.
869 3198 998 3276 spatium
1011 3200 1044 3258 in
1059 3199 1168 3259 tabulis
1179 3199 1293 3259 vitiatis

195 3297 352 3358 perperam
369 3299 541 3339 concessum
557 3280 614 3354 sit,
635 3281 758 3340 Ezeciae
769 3293 873 3341 sextus
891 3303 985 3341 aniius
1006 3283 1102 3342 iniens
1121 3284 1196 3343 Osee
1210 3305 1291 3344 nono

195 3361 319 3422 obeunti
334 3365 503 3444 respondet.
524 3366 693 3424 Recolends
707 3386 782 3446 (puae
795 3367 833 3425 ad
851 3367 1146 3428 Gotlroliac'aetatcm
1160 3369 1250 3431 dicta.

267 3450 348 3591 lPag.
370 3449 444 3517 205.
465 3444 634 3533 ’AeopdoinJ
657 3452 718 3526 Qui
737 3452 925 3512 Assaraddon
939 3455 970 3519 4.
997 3456 1111 3534 ltegum
1131 3454 1221 3534 capit.
1243 3457 1291 3520 19.

192 3549 224 3592 v.
245 3551 266 3590 u
280 3535 361 3597 timo.

280 3616 348 3701 Ilod
363 3613 415 3691 ἦς’.
428 3619 502 3684 ἐτῶν
514 3615 771 3700 ναθαιρεθείσης]
793 3621 904 3681 Everse
918 3621 1110 3702 Sardanapali
1123 3631 1220 3682 morte
1235 3619 1289 3680 Aa·

193 3701 342 3778 syriorum
358 3704 483 3784 imperio
501 3726 579 3766 anno
595 3707 688 3774 4675.
710 3705 898 3766 salmanasar
915 3719 1014 3766 autem
1027 3709 1108 3788 apud
1125 3706 1289 3766 Chaldaeos

195 3803 274 3844 anno
298 3790 391 3866 4747.
409 3802 581 3870 reparante,
605 3793 656 3871 qui
679 3791 731 3865 sit,
751 3800 787 3850 ut
811 3792 890 3851 inter
906 3791 1122 3853 Chaldaeorum
1140 3793 1290 3869 inceptam

196 3867 365 3932 felicitatem
387 3884 416 3934 et
436 3878 626 3956 Assyriorum
643 3877 761 3936 ruinam
776 3877 878 3955 plures
892 3878 1078 3956 septuaginta
1093 3874 1208 3937 duobus
1231 3893 1289 3932 an·

194 3972 251 4011 nos
267 3952 383 4018 Autlror
397 3962 571 4032 recenseat?
600 3961 698 4042 Ipsina
715 3959 930 4022 Chaldaeorum
943 3961 1123 4043 reparatoris
1135 3959 1289 4017 Salmanti-

194 4057 245 4096 sar
259 4037 400 4101 nimirum
413 4065 508 4106 annos
522 4047 572 4114 25.
588 4055 752 4106 memorato
762 4066 886 4108 numere
897 4047 1042 4107 includit:
1058 4044 1183 4105 undeet
1197 4040 1288 4102 chal-

194 4121 338 4182 daeorum
371 4146 474 4204 regum
504 4131 683 4192 laterculum
717 4152 733 4188 a
761 4133 893 4192 secundo
922 4151 1025 4192 eorum
1045 4129 1140 4189 Nabis
1161 4127 1288 4188 inferius

192 4226 263 4289 με·
284 4212 357 4274 209.
375 4209 521 4275 institnit:
543 4217 640 4277 Unius
661 4235 734 4276 ‘sero
751 4217 822 4275 anni
842 4216 987 4277 excedens
1000 4213 1113 4273 mentio
1126 4232 1165 4272 ex
1179 4231 1214 4272 eo
1234 4220 1290 4288 eat,

193 4289 278 4372 qnod
294 4291 481 4357 Salmanasar
495 4320 573 4361 anno
590 4302 684 4370 4746.
705 4321 831 4382 reguum
851 4300 1014 4383 suscepisse
1034 4296 1166 4380 scriptus
1186 4297 1288 4375 iussit,

167 4386 170 4392 '
194 4378 235 4438 de
250 4396 312 4458 quo
325 4379 467 4444 nemrihil
479 4384 627 4466 superius.
