3109 4959
592 405 894 480 nlssstttnrlo.
1262 401 1286 473 7

202 565 299 626 emtis
319 572 349 627 st
370 562 445 627 fides
461 563 658 627 desideretur:
685 574 800 629 unum
819 572 917 626 tamen
937 561 1045 625 horum
1070 564 1287 627 Chronicurum

201 649 407 731 praestantiam
420 670 492 728 essa,
511 660 547 711 ut
557 651 675 713 nullum
685 660 774 717 vetus
786 651 931 732 scriptum
944 660 1025 713 extet
1039 650 1203 711 duratione
1216 663 1289 709 tem.

201 754 322 817 porum,
343 734 424 815 quod
442 754 512 795 cum
531 734 591 795 boo
610 737 777 816 comparari
789 736 901 817 pussitr
921 736 982 796 imo
997 736 1114 797 nullum
1125 737 1217 817 paulu
1230 755 1289 794 vc·

202 818 311 879 ausum
323 828 388 881 e's'se
398 854 411 898 ,·
429 820 512 899 quod
525 819 561 879 ab
575 819 634 881 lvoc
646 820 812 883 derivatum
824 842 884 881 non
900 820 948 881 sit.
990 821 1117 882 Maxime
1131 822 1221 899 igitur
1235 820 1289 878 do.

201 902 323 965 lendum
342 924 419 982 esse,
440 902 499 964 lace
512 906 699 986 praeclarum
718 926 794 987 opus
816 926 954 965 araneum
976 905 1014 963 ad
1032 926 1087 964 nus
1110 905 1288 987 pervenisse.

200 987 275 1049 Nam
289 988 374 1069 prior
385 989 461 1049 liber
475 989 589 1069 integer
606 991 801 1067 desideratur,
820 990 873 1071 qui
887 990 1046 1060 oerrsnales,
1063 1001 1097 1050 ut
1112 988 1290 1051 Tertulliani

199 1074 291 1134 verbo
315 1083 449 1149 utamur,
469 1076 603 1135 omnium
625 1076 895 1137 vetustissimarum
913 1075 1067 1134 nationum
1091 1085 1290 1152 etregnurum

201 1157 359 1222 continuit.
403 1158 486 1233 Quae
510 1157 600 1221 huius
620 1161 691 1221 libri
711 1162 872 1240 fragmenta
892 1160 971 1241 apud
987 1160 1127 1237 Georgius
1142 1159 1291 1239 inprimis,

200 1242 374 1323 syncellum
388 1252 417 1303 et
431 1243 605 1321 cedrenum,
627 1255 742 1314 servata
757 1255 838 1322 sunt,
858 1244 1000 1325 Iosephus
1016 1246 1146 1323 Scaliger
1161 1242 1290 1321 collegit,

199 1328 287 1408 plum
307 1328 403 1386 autem
416 1348 473 1407 pro
486 1349 569 1389 more
581 1350 636 1390 suu
651 1330 802 1403 inserens,
823 1350 898 1410 quse
910 1350 970 1389 non
981 1330 1097 1389 Eusebii
1114 1350 1176 1389 csse
1188 1328 1292 1386 riden-

198 1420 258 1471 tur.
299 1412 389 1471 Liber
410 1415 586 1493 posterior,
610 1436 698 1493 quem
720 1410 836 1479 κανόνα
856 1425 962 1475 auctor
983 1414 1152 1493 inscripsit,
1178 1413 1292 1489 integer

200 1494 321 1575 quidem
344 1507 495 1576 superest,
517 1499 568 1575 sed
587 1510 631 1559 est
643 1510 758 1560 tanturn
776 1502 860 1578 quasi
874 1500 964 1562 index
981 1499 1099 1578 quidam
1119 1509 1148 1556 ct
1162 1516 1291 1556 summa-

199 1580 280 1641 rium
307 1581 478 1661 superioris.
527 1585 692 1663 Utrumque
715 1586 818 1643 Latine
840 1584 988 1643 convertit
1012 1588 1053 1643 B.
1079 1585 1292 1660 Iliorunymua,

199 1665 255 1743 qui
268 1665 323 1723 sub
338 1665 566 1747 imperatoribus
579 1670 717 1728 Rornanis
733 1670 874 1729 Gratiano
888 1679 917 1727 et
926 1668 1092 1727 Theodosio
1109 1668 1195 1740 vixit,
1213 1666 1294 1724 circa

199 1769 269 1807 atm-
296 1753 369 1815 390·
414 1753 500 1812 Plura
526 1754 552 1813 ei
576 1754 609 1812 in
620 1753 668 1814 his
686 1753 840 1813 Chronicis
855 1754 1005 1811 vertendis
1025 1752 1197 1811 humanitus
1209 1749 1293 1808 cxci·
1370 1821 1375 1831 .

199 1834 287 1909 disse,
306 1834 367 1890 ianr
382 1854 419 1892 ex
440 1856 474 1894 eu
488 1839 635 1895 coniicere
648 1838 758 1910 licebit,
781 1836 872 1914 quud,
897 1837 940 1893 uti
955 1836 1018 1913 ipse
1031 1838 1064 1892 in
1078 1836 1230 1913 prooemio
1246 1834 1293 1891 'sa-

198 1926 299 1992 tetur,
321 1919 437 1977 notario
459 1919 644 1979 velocissime
665 1920 837 1994 dictuv‘irit5
861 1928 890 1977 et
912 1920 1041 1995 Scaliger
1059 1920 1166 1977 rrrultos
1179 1937 1294 1978 errores
1395 1925 1398 1932 “

198 2001 372 2081 interpretis
391 2002 519 2080 collegit.
562 2004 628 2063 Non
653 2024 726 2064 vero
748 2004 918 2082 interpretis
930 2012 1045 2061 tantum
1058 2005 1157 2062 ossicio
1173 2005 1296 2061 iunctus

198 2097 253 2163 eet,
275 2106 381 2146 verum
398 2097 532 2167 exparte
545 2109 664 2169 quoque
680 2090 851 2168 scripturire
872 2108 941 2146 nam
957 2098 986 2145 et
1001 2087 1113 2147 Graeca
1129 2087 1296 2145 fidelissime

200 2172 366 2251 expressit,
388 2182 418 2232 et
432 2174 594 2246 nonnulla,
616 2194 692 2253 quse
715 2173 882 2233 intermissa
896 2172 1088 2250 videbantur,
1107 2173 1215 2231 adierit
1231 2190 1295 2226 mn·

197 2257 282 2316 xime
305 2257 337 2315 in
356 2258 487 2316 llumune
508 2258 648 2335 historia,
670 2260 707 2317 de
728 2258 901 2336 Tranquillo
923 2258 953 2327 (i.
969 2279 993 2315 e.
1012 2254 1166 2338 Suetonio)
1182 2266 1211 2313 et
1227 2274 1292 2312 cae·

197 2343 274 2401 teris
287 2342 454 2401 illustribus
475 2342 623 2403 historicis
637 2343 835 2401 curiosissime
853 2362 1024 2419 excerpens.
1067 2347 1093 2400 A
1107 2338 1294 2399 Constantini

198 2435 301 2484 autem
318 2444 396 2483 anno
421 2428 561 2505 vigesimo
583 2422 672 2504 (327)
699 2446 793 2501 usque
817 2426 855 2481 ad
875 2428 1069 2483 Consulatum
1095 2430 1295 2501 Augustorum

197 2507 333 2567 Valentis
346 2509 439 2567 sexies
455 2518 484 2567 ct
499 2509 698 2567 Valentiniani
713 2508 824 2567 iterum
841 2507 877 2587 (i.
894 2528 920 2568 e.
937 2530 1005 2568 ann.
1022 2506 1092 2568 Chr.
1109 2508 1183 2588 378)
1199 2517 1296 2565 totum

197 2590 376 2670 Hieronymi
386 2601 440 2651 est.
483 2589 583 2677 (Conf.
600 2593 774 2672 Hieronymi
790 2590 1026 2677 praefationem).
1054 2593 1193 2652 Attamen
1204 2593 1297 2651 nela-

198 2677 265 2741 tina¹
287 2677 406 2755 quidem
425 2675 500 2737 lnce
516 2678 615 2737 versio
632 2680 746 2756 integra
760 2686 910 2757 superest:
932 2678 964 2734 in
981 2679 1077 2756 priori
1093 2678 1171 2735 libro
1188 2677 1298 2734 multae

199 2770 231 2822 et
245 2762 362 2841 amplae
373 2762 498 2821 lacunae
509 2774 590 2823 sunt.
1328 2833 1331 2841 ¹

274 2848 395 2905 tersum
415 2868 484 2906 uero
501 2867 649 2927 graecum
663 2847 884 2925 versionemque
905 2847 1036 2904 latinum
1052 2844 1155 2904 multis
1168 2843 1199 2902 in
1212 2840 1297 2918 lueis,

199 2933 334 2990 maxime
348 2936 382 2989 in
397 2936 539 3007 numeris,
560 2954 576 2991 a
590 2931 719 2992 librariis
728 2928 928 3009 depravatum
943 2951 1017 3006 esse,
1034 2929 1149 2987 iamiam
1166 2937 1298 3007 apparet.

199 3018 280 3096 Naue
303 3025 333 3076 et
354 3016 495 3076 facillime
518 3018 551 3075 in
575 3015 689 3076 notulis
708 3034 901 3073 numerorum
916 3014 1117 3073 describendis
1130 3012 1245 3071 incuria
1263 3032 1297 3069 uc

200 3121 275 3160 casu
295 3110 426 3176 erratur,
447 3100 573 3158 maxime
600 3098 786 3159 innumeris
812 3099 968 3174 Romanis,
990 3099 1042 3177 qui
1058 3098 1161 3178 paucis
1184 3105 1299 3155 tantum

200 3186 285 3246 notis
300 3186 324 3261 l,
347 3185 384 3260 V,
405 3186 445 3261 X,
467 3187 500 3261 L,
522 3187 554 3260 C,
576 3186 611 3261 D,
628 3185 668 3261 M,
690 3183 854 3262 iisdemque
869 3204 938 3262 ergo
949 3184 1067 3263 caepim
1078 3182 1212 3261 repetitis
1225 3182 1298 3238 scri-

200 3270 334 3341 buntur3
357 3278 386 3330 et
406 3271 537 3329 nasutuli
553 3278 652 3329 sanant
667 3288 784 3329 errores
799 3269 918 3344 calculi,
940 3269 991 3345 qui
1013 3267 1070 3323 sibi
1088 3267 1238 3335 videntur,
1261 3264 1299 3322 ud

201 3375 289 3415 suem
306 3356 556 3435 computationem
569 3355 731 3432 corrigere,
749 3362 800 3412 aut
813 3363 898 3412 notas
911 3373 927 3410 a
940 3351 1127 3427 diligentibus
1141 3350 1300 3409 lectoribus

201 3441 331 3518 margini
352 3440 515 3519 adscriptas
538 3439 637 3499 textui
658 3440 803 3497 inserere:
825 3437 904 3495 unde
920 3435 995 3493 nulli
1010 3434 1127 3495 codices
1142 3433 1233 3513 magis
1250 3434 1301 3490 vi·

203 3526 318 3585 tiorum
331 3534 458 3600 scatent,
481 3544 570 3604 quam
582 3523 793 3601 chronologici.
835 3518 980 3599 Exernpla
995 3541 1026 3578 se
1042 3519 1171 3578 offerunt
1186 3521 1218 3575 in
1234 3520 1300 3595 ipsu

201 3630 287 3668 armo
311 3609 421 3669 mundi
437 3610 585 3685 liniendo,
608 3631 668 3688 quc
683 3608 839 3667 cnr-neom
859 3618 968 3663 rectum
987 3627 1048 3663 ecee
1068 3602 1216 3663 Eusebius
1235 3623 1302 3680 pn-

201 3698 327 3755 taverit.
347 3726 390 3742 -·
410 3694 456 3754 Ab
478 3696 590 3753 Adamo
614 3694 652 3752 ad
674 3693 827 3751 Diluvium
847 3710 940 3768 usque
962 3690 1076 3766 colligit
1097 3707 1192 3745 muros
1207 3690 1301 3761 2242,

200 3777 332 3837 testibus
345 3780 484 3858 'Georgiu
505 3780 645 3859 Synccllu
672 3800 704 3859 p.
734 3778 785 3845 54.
809 3796 849 3853 ιο,
861 3776 970 3834 Tirone
985 3777 1128 3853 Prospero
1143 3793 1171 3851 p.
1190 3776 1252 3837 284
1270 3770 1302 3826 in

203 3861 328 3920 Graevii
341 3863 482 3926 Theseus.
499 3864 668 3939 Tom.X1.,
690 3864 799 3943 quibus
811 3867 957 3919 consentit
967 3859 1066 3917 versio
1082 3860 1177 3916 latina
1194 3855 1301 3913 llieru-

202 3946 290 4026 nymi
314 3966 379 4025 pag.
396 3952 417 4014 8
430 3960 460 4009 et
475 3952 544 4017 158.
587 3949 641 4008 His
665 3948 748 4008 addit
762 3968 858 4005 munus
874 3948 936 4012 942
951 3963 967 4001 a
982 3944 1100 4002 lliluvio
1118 3942 1155 4001 ad
1168 3938 1303 3998 Abrahae

203 4030 417 4092 nativitatem
433 4054 503 4113 ergo
518 4043 589 4093 sunt
602 4035 638 4093 ub
648 4032 760 4093 Adime
773 4033 811 4091 ad
821 4030 969 4089 Abraham
983 4031 1058 4087 nuni
1069 4027 1162 4098 3184,
1184 4024 1228 4083 uti
1244 4024 1302 4081 do-

205 4126 278 4177 cent
291 4115 436 4196 Georgius
448 4141 479 4199 p.
492 4123 543 4185 86.
557 4123 609 4185 87.
625 4123 676 4185 92
698 4122 769 4184 111.
785 4120 858 4183 326.
878 4115 1077 4193 Hieronymus
1091 4132 1127 4169 ac
1141 4110 1211 4170 'l'iro
1227 4110 1303 4167 l'ro·

206 4222 278 4283 sper
290 4202 313 4262 l.
326 4221 367 4278 c.,
390 4210 480 4281 atque
494 4203 560 4283 ipse
574 4202 718 4263 Eusebius
730 4201 764 4260 in
777 4200 930 4283 prooemio
943 4200 981 4258 ad
996 4197 1188 4280 posteriorem
1203 4193 1300 4253 Chro-

205 4286 349 4347 nieorum
370 4285 482 4347 librum
502 4288 649 4347 versionis
670 4288 780 4347 latinae
793 4308 823 4366 p.
847 4286 904 4360 553
925 4304 994 4344 nam
1009 4284 1043 4341 in
1063 4281 1183 4340 Graecis
1199 4278 1305 4336 ultima

206 4369 302 4434 buius
323 4372 470 4454 prooemii
487 4372 605 4434 desunt.
625 4400 667 4418 -
690 4372 727 4431 ln
748 4370 845 4453 priori
864 4370 984 4449 quidem
998 4368 1077 4427 libro
1097 4364 1243 4425 versionis
1256 4363 1305 4419 la-
