3109 4959
537 452 598 520 ΕΤ
619 451 974 537 ANNOTATIONES.
1230 443 1308 516 363

293 609 492 696 Παοχοναλίῳ
513 615 576 674 ταῖν
595 605 676 692 epifi.
677 609 689 691 ]
711 612 736 672 E
756 613 844 692 cyclo
864 611 965 672 lunari
980 631 1127 671 annorum
1142 609 1309 670 novemde-

208 698 284 772 cim,
307 709 337 758 et
354 698 540 757 soleriannis
554 707 623 755 octo
639 717 730 778 supra
743 699 853 778 viginti
868 696 1074 778 perficiendo'
1065 718 1098 755 ιιι
1114 717 1145 755 se
1164 715 1195 754 se
1210 695 1309 756 ductis

206 784 327 859 exurgit
341 784 392 841 ilic
407 805 530 860 magnus
548 785 619 848 532.
635 804 781 844 annosum
795 786 914 864 cyclus,
938 783 1098 842 secundum
1116 801 1204 860 quem
1228 803 1244 839 ιι
1262 801 1309 840 re·

205 879 311 949 parata
327 867 436 929 Christi
453 883 508 949 per
526 869 784 928 Resurrectionem
800 891 816 928 a
833 868 959 929 mortuis
974 867 1049 942 vita,
1072 866 1226 926 Paschsles
1242 885 1311 925 suas

206 955 323 1012 tabulas
343 955 462 1032 digessit
491 953 647 1012 Annianus
665 965 733 1014 ante
756 955 904 1034 Cyriilum
920 965 949 1014 et
967 953 1142 1032 Dionysium
1161 952 1310 1028 Exiguum

206 1060 284 1119 opus
298 1040 395 1097 simile
410 1039 545 1118 sequutis
561 1040 745 1120 temporibus
761 1042 899 1102 molitos.
922 1039 1128 1099 Anniannaeas
1142 1055 1311 1096 memorans

128 1169 132 1175 -
205 1123 325 1184 Autiror
338 1143 422 1181 annis
435 1125 560 1184 totidem
575 1145 662 1204 pares
676 1126 834 1186 duraturas
849 1125 1017 1206 pollicetur
1061 1123 1212 1200 Utrasque
1224 1121 1311 1179 nobis

206 1209 309 1270 deesse
329 1210 500 1286 querimur,
520 1211 607 1286 illas,
627 1210 712 1291 quod
734 1210 900 1292 perierint,
920 1209 992 1286 has,
1013 1207 1094 1288 quod
1117 1207 1153 1266 ab
1177 1205 1312 1266 Authors

206 1313 270 1354 non
284 1293 397 1352 suerint
411 1295 518 1357 editae.

291 1393 486 1476 Λειπομὲνην
505 1395 600 1458 ἔτεσιν
615 1389 715 1479 iared]
738 1395 830 1471 Quod
848 1417 864 1454 a
884 1393 990 1455 mundi
1006 1393 1134 1454 conditu
1148 1393 1186 1453 ad
1200 1391 1311 1452 Christi
1328 1395 1363 1449 V.
1376 1395 1410 1450 12

206 1480 336 1550 natalem
364 1481 443 1540 diem
466 1483 546 1541 solos
572 1482 825 1549 5493rnnmer'at
841 1483 1034 1556 Panodorus,
1057 1479 1177 1541 Author
1198 1489 1313 1560 septem

207 1567 283 1626 alios
299 1565 442 1643 adiungat
454 1589 559 1627 annos.

289 1661 469 1745 Ἀμφότεροι
488 1664 521 1727 δὲ
541 1661 664 1746 scissim]
685 1670 838 1746 leguntur
857 1667 932 1727 haec
952 1667 1032 1747 spud
1049 1666 1149 1724 Scaiir
1132 1685 1234 1738 gerum
1246 1683 1313 1743 pag.

206 1750 281 1818 246.
298 1751 407 1830 partim
430 1751 602 1827 emendata,
624 1762 653 1810 et
668 1763 812 1832 corrupta
829 1761 972 1832 exparte.
1016 1751 1221 1812 Emendantur
1239 1749 1315 1826 qui-

207 1835 428 1896 slensbaecMS.
442 1834 706 1916 verba,”s1rosrosv
719 1833 854 1917 pardius
867 1834 1017 1919 alnsqeos
1030 1860 1090 1899 των
1103 1829 1314 1975 patriposvha

207 1923 304 2000 Scaiip
290 1943 357 1997 asero
371 1921 520 2030 repositis,
533 1931 563 1980 ct
578 1921 611 1980 in
625 1919 768 1981 dutisoris
780 1933 867 1982 textu
880 1924 1018 2003 superius
1034 1921 1118 1980 lectis
1133 1940 1199 2000 pag.
1216 1919 1314 1984 171³·

205 2008 274 2068 diis
289 2027 361 2066 vero
377 2006 429 2069 sai
442 2001 616 2080 ’ἀναλύσεως
629 2006 682 2068 καὶ
700 2009 842 2089 respicens
857 2005 944 2071 edroi
961 2001 1173 2086 πεποιήκασιν,
1197 2005 1234 2062 ad
1252 2004 1313 2062 Au-

206 2091 305 2152 thosis
318 2102 447 2150 mentem
468 2101 497 2150 et
520 2093 590 2150 str
592 2113 646 2149 arn
639 2091 809 2153 caiamum
828 2095 947 2153 fidelius
964 2093 1036 2152 anibi
1055 2100 1253 2194 reparantur,
1276 2079 1315 2150 osi
1404 2158 1406 2160 ,

208 2175 426 2258 (μνριαδιιιμοῦ
426 2174 520 2256 dinoci
536 2169 711 2252 ἀναλύσεως
723 2177 774 2240 καὶ
791 2181 937 2258 μερίσεως
950 2173 1036 2240 edroi
1049 2200 1085 2238 π.
1076 2171 1252 2278 ποιήκασιν
1268 2173 1314 2235 ἕκ-

207 2270 316 2337 θεσιν,
338 2282 415 2340 quae
440 2263 561 2320 tandem
581 2283 652 2320 sana
676 2273 707 2322 et
729 2263 845 2364 integra
861 2261 948 2337 sidric
964 2263 1137 2334 Χαλδαίους
1153 2259 1208 2340 pio
1223 2253 1313 2320 α’πεὶ-

207 2370 299 2452 ρονς
294 2347 408 2420 αἰῶνας
423 2351 479 2426 τῆς
490 2348 693 2447 κοσμογονίας
716 2343 936 2431 εἰσάγοντας,
926 2371 958 2407 ιιι
974 2348 1048 2425 ista,
1071 2343 1159 2420 sidua
1181 2343 1315 2408 Χαλδαί·

209 2453 264 2508 ανς
278 2426 421 2514 οἷπιίρονς
439 2427 562 2495 αιίόνων
576 2437 631 2512 τῆς
646 2436 847 2515 κοσμογονίας
862 2443 1050 2494 transmutat.

292 2542 397 2610 'liv'
355 2573 405 2614 ιιι.
420 2545 571 2633 περιόδοις
588 2551 691 2631 ἐτῶν]
714 2552 915 2634 Aegyptiacus
930 2574 1027 2612 annus
1046 2551 1085 2610 ob
1107 2548 1166 2610 diei
1183 2547 1316 2606 interca-

208 2633 282 2695 laris
299 2633 449 2694 deiectum
472 2637 600 2714 singulis
624 2638 830 2714 quadrienniis
857 2660 920 2698 uno
948 2639 997 2697 die
1025 2634 1207 2716 principium
1227 2651 1315 2689 suum

209 2718 373 2781 antevertit
392 2718 428 2776 in
449 2740 528 2778 anno
551 2721 679 2779 iuliano.
723 2723 943 2780 millesendem
966 2743 1033 2779 cum
1053 2718 1206 2795 sexaginta
1223 2737 1316 2792 supra

209 2803 445 2886 quadringentos
458 2805 567 2885 elapsis
582 2805 670 2863 annis
687 2805 725 2864 ad
744 2826 808 2866 eam
824 2828 895 2866 anm
886 2805 1019 2866 Iuliani
1035 2803 1135 2863 sedem
1152 2802 1233 2860 unde
1250 2801 1316 2859 dis·

210 2899 339 2950 cesserat
355 2889 542 2965 regreditur.
565 2900 672 2970 quater
687 2890 800 2972 quippe
818 2894 892 2959 365.
908 2891 1042 2951 reddunt
1060 2885 1317 2951 summam1460

209 2975 254 3035 Ea
276 2973 436 3053 quinquies
461 2997 497 3034 ac
517 2975 642 3056 vigesies
668 2977 890 3058 multiplicata,
911 2980 1027 3043 36500.
1052 2993 1201 3034 annorum
1223 2971 1318 3030 colii-

211 3057 294 3137 gitur
323 3060 480 3134 periodus,
509 3083 568 3140 qua
595 3061 737 3158 syderum
761 3073 791 3121 et
819 3064 970 3122 caelorum
1000 3060 1038 3118 ad
1069 3058 1183 3138 primos
1212 3077 1316 3117 carce·

210 3162 260 3204 res
278 3141 425 3215 reditum,
451 3164 489 3201 oc
509 3146 604 3203 totius
630 3147 764 3205 universi
792 3147 1019 3206 renovationem
1047 3141 1225 3224 praedicant
1248 3142 1316 3200 Ae-

211 3227 319 3309 gyptii.

173 3404 179 3408 ,
296 3322 347 3392 Ἑν
366 3331 429 3402 τοῖς
443 3327 728 3412 ΓενιιιοΐςἙρμον.]
750 3330 942 3391 Mercurius
932 3349 958 3390 ιι
977 3339 1039 3408 est,
1062 3351 1113 3410 qm
1104 3329 1218 3408 vulgo
1235 3343 1316 3406 τρισ-

210 3412 350 3499 μὲγιστας
368 3415 468 3475 audit:
492 3415 530 3474 de
551 3417 638 3476 cuius
659 3417 782 3498 scriptis
806 3418 952 3478 Eusebius
974 3417 1012 3476 de
1043 3418 1180 3497 Praepar.
1202 3415 1315 3490 Ιίνιιις.

208 3503 265 3564 lib.
283 3506 312 3568 1.
337 3519 404 3577 cap.
422 3505 452 3565 9.
478 3510 509 3559 et
524 3502 575 3567 lib.
597 3508 627 3569 2.
644 3523 708 3584 cap.
732 3508 761 3569 1.
781 3513 811 3562 et
830 3504 863 3562 in
882 3503 1061 3563 contrariam
1077 3503 1226 3561 inclinans
1244 3519 1315 3558 sen·

209 3588 336 3647 tentiam
358 3584 568 3646 Genebrardus
591 3589 629 3647 ad
654 3611 766 3648 annum
789 3589 894 3648 mundi
916 3592 1009 3654 3830.
1059 3587 1200 3648 Mercurii
1222 3603 1316 3664 opera

209 3670 403 3749 Astrologica
432 3670 601 3730 Ioachinius
636 3673 821 3732 Camerarius
853 3674 966 3732 dicitur
993 3673 1209 3753 interpretatus
1235 3667 1316 3748 apud

212 3757 389 3816 Gesnerum.
439 3757 625 3816 Poemander
646 3759 710 3815 eius
733 3759 848 3817 Gallice
873 3759 1066 3837 loquentibus
1086 3755 1240 3816 familiaris
1262 3761 1315 3811 est.

211 3839 548 3916 Iatbromathematica,
570 3851 598 3899 et
621 3843 844 3920 Centiioquinrn
866 3845 925 3901 ιἰιιιι
950 3843 1020 3901 olim
1039 3843 1101 3902 eius
1123 3840 1245 3900 nornine
1270 3837 1316 3910 (si

212 3936 314 3984 tsmen
328 3947 390 3986 non
407 3925 600 4008 ementitum)
618 3928 696 3986 edita
709 3949 854 3986 summam
868 3929 929 3986 eius
950 3929 981 3986 in
1002 3926 1196 4004 Astrologicis
1215 3922 1316 3984 erudi-

195 4007 327 4092 tionem
344 4012 558 4072 demonstrant.
601 4012 662 4072 Sed
675 4025 703 4070 et
722 4013 902 4072 Λιιιοιιοιιιί
916 4013 1100 4091 disciplinae
1112 4033 1187 4070 ιιιαε
1208 4008 1317 4068 ducem

208 4092 396 4175 praedicant
409 4099 597 4156 Hermetem:
620 4099 741 4180 scripsit
758 4100 948 4157 casaubonus
962 4099 994 4156 in
1010 4098 1140 4158 Exercit.
1157 4095 1193 4154 de
1209 4095 1317 4154 iisdem

214 4188 344 4239 testatur
361 4180 494 4241 Clemens
509 4185 731 4244 Alexandrinus
742 4185 820 4245 libro
834 4190 864 4250 6
882 4187 1019 4242 Siromtt
1049 4184 1121 4242 Eam
1138 4181 1176 4240 οἷ)
1188 4201 1250 4241 rem
1264 4186 1317 4245 Γι·

214 4287 287 4328 vissa
279 4260 343 4320 ab
365 4283 400 4320 eo
420 4266 532 4345 scripta
552 4289 638 4344 reor,
659 4272 709 4328 vel
718 4271 874 4348 geminine
902 4267 1087 4346 Astrologise
1108 4267 1245 4346 regulam
1267 4269 1317 4325 vei
1347 4284 1358 4304 ·

216 4348 431 4410 Genethliacos
453 4362 623 4427 tractatas,
646 4355 802 4414 hominum
828 4377 939 4437 γενιια
958 4349 1161 4434 sinopensis,
1191 4361 1314 4412 eventus

216 4435 361 4497 nimirum
378 4455 413 4494 ac
428 4445 523 4496 sortes
540 4457 646 4498 eorum
661 4440 811 4500 natalibus
824 4459 861 4499 cx
880 4448 1030 4499 astrorum
1048 4438 1162 4500 virtute
1179 4439 1314 4518 alligatas
