3109 4959
519 415 580 483 ET
600 413 958 488 ANNOTATIONES.
1210 404 1287 484 865

276 576 348 654 rag.
364 541 416 642 88.
434 565 486 637 Ἔτι
505 577 567 636 τοῖν
585 563 767 656 {thalassi}
789 573 924 656 Abydeni
942 577 1141 654 fragmentum
1156 574 1289 656 Scaliger

191 661 326 741 reposuit
346 660 380 719 in
398 659 518 718 Eusehii
534 658 720 735 chronicon,
742 661 829 740 qussi
843 659 880 720 ab
896 661 1022 722 Eusebio
1041 660 1192 742 quondam
1210 661 1290 720 scri·

190 753 288 827 ptum,
308 754 344 804 ut
358 744 488 823 antiquis
501 742 583 803 hisce
598 744 707 804 subulis
721 763 790 804 eum
805 745 894 808 iidem
912 746 1088 827 persuadeat
1102 745 1288 808 adhibuisset

191 833 282 892 Recte
293 829 383 888 simul
400 831 615 889 nonnullorum
629 827 680 888 laic
696 840 928 892 mementorum
942 832 1063 890 nomina
1081 831 1233 913 depravat.

276 928 366 995 Messi
396 925 631 1013 Ειλιδάρεσχου]
652 930 733 990 llaec
759 933 883 1012 quidem
909 933 1050 995 Eusebius
1073 951 1111 993 ex
1135 931 1289 1012 Abydeno,
1409 971 1427 998 .

192 1026 225 1076 st
248 1037 311 1075 non
329 1016 360 1074 in
380 1015 545 1094 Chronico,
568 1017 619 1076 sed
640 1017 677 1075 de
694 1017 799 1098 Praep.
821 1020 933 1098 Evang.
955 1041 1020 1101 cap.
1040 1023 1089 1086 10.
1103 1037 1178 1096 quae
1192 1015 1290 1077 nihilo

192 1103 290 1163 secius
305 1100 460 1162 chronicis
474 1101 647 1162 Eusebianis
662 1102 768 1162 inserit
790 1105 923 1184 Scaliger
936 1125 1000 1186 pag.
1016 1107 1045 1170 8.
1063 1103 1205 1184 pleraque
1216 1121 1291 1162 vero

191 1187 286 1246 verbe
305 1187 464 1267 depravat,
487 1189 543 1247 alin
560 1189 593 1246 in
616 1188 707 1266 Regio
724 1199 868 1272 corrupte
886 1190 1037 1268 restituit,
1055 1189 1170 1270 relique
1182 1191 1290 1248 uos'ex

192 1273 287 1332 citeto
304 1273 341 1331 ‹le
354 1273 496 1354 Prosper.
507 1272 617 1353 Evorrg.
632 1274 711 1333 loco.

263 1390 344 1470 =l’ug.
365 1391 415 1458 40.
436 1386 490 1466 Ἑνι
504 1395 544 1470 τῆ
556 1393 727 1478 Σηριαδιιιῇ
738 1389 809 1478 νῇ]
834 1395 922 1474 Quae
938 1391 1026 1454 uobis
1037 1396 1161 1473 ignota:
1184 1390 1291 1454 scribit

191 1475 323 1554 Scaliger
336 1499 402 1558 pag.
415 1479 486 1544 248.
501 1456 595 1536 Plinio
610 1485 682 1536 note
698 1482 792 1552 Seres,
815 1481 962 1561 oppidum
976 1480 1120 1539 nimirum
1135 1478 1215 1537 inter
1234 1479 1290 1536 he-

190 1559 337 1642 ilriopiem
353 1571 381 1622 et
398 1563 580 1643 Aegyptum,
601 1562 652 1624 lib.
665 1567 694 1628 6.
709 1584 776 1644 cap.
792 1569 843 1630 29.
864 1575 953 1624 notus
965 1585 1083 1644 quoque
1101 1585 1188 1624 mosis
1206 1561 1290 1635 Seri·

191 1645 265 1719 dos,
296 1667 356 1727 quo
381 1647 545 1729 Arphaxad
565 1648 719 1707 columnus
740 1649 827 1726 duas,
857 1651 1005 1731 lapideam
1030 1670 1137 1725 unam,
1166 1650 1290 1708 alterans

190 1729 356 1791 latericiam
381 1733 485 1812 liguris
503 1743 532 1792 et
550 1743 699 1794 astrorum
718 1735 892 1795 nominibus
912 1736 1040 1812 signatas
1059 1733 1187 1812 reperit,
1207 1749 1290 1809 ,quae

192 1819 356 1897 aposteris
372 1818 443 1877 Scth
464 1819 596 1877 clodium
619 1839 674 1897 per
697 1838 804 1895 aquarn
827 1829 857 1876 ct
877 1821 975 1895 ignens
999 1816 1056 1876 toti
1079 1817 1145 1875 orbi
1167 1825 1292 1874 eversta-

191 1920 292 1960 raruru
312 1904 454 1982 praesciis
475 1903 587 1982 positas
611 1923 648 1959 ex
663 1902 774 1960 loernne
790 1901 940 1962 llistorico
958 1903 1050 1960 rescrt
1065 1901 1237 1960 Eustathius
1257 1897 1292 1956 in

191 1983 371 2046 llcxarnero.
392 1982 414 2065 ἥ
437 2009 482 2058 τις
501 1979 593 2064 στη’λη
610 1980 682 2063 μετά
703 1981 753 2048 τὸν
768 1983 977 2066 κατακλυσμόν
994 1985 1107 2066 εὑρέθη
1125 1987 1167 2058 εἰς
1182 1980 1215 2047 τὰ
1229 1988 1292 2063 Ση-

192 2065 278 2150 ethic
290 2065 377 2150 ὅρος,
397 2069 449 2131 καλ
464 2070 542 2132 ἔστιν
555 2069 611 2143 ἕως
624 2066 702 2150 άρτι.
753 2071 887 2149 viraque
900 2074 1042 2130 culaeemnu
1050 2082 1123 2150 poet
1136 2071 1292 2128 diluuium

192 2156 228 2211 iu
240 2166 339 2212 monte
355 2154 475 2213 &rides
490 2157 628 2231 ἰιιιϊιιια,
648 2166 675 2211 ct
687 2155 1037 2234 litterasqueperureret:
1059 2157 1106 2214 An
1122 2155 1159 2212 ab
1177 2175 1212 2214 eo
1224 2159 1292 2233 Ση-

193 2235 295 2318 utiensi
308 2241 355 2299 vel
369 2235 537 2321 Σηριαδικη
552 2244 592 2321 γη
604 2240 705 2297 nullus
722 2241 913 2317 dubitaverit,
929 2242 980 2320 qui
992 2236 1067 2303 ιιατά
1080 2236 1136 2320 τήν
1152 2232 1292 2320 Συριάιλα

191 2325 283 2382 verba
305 2323 423 2404 losephi
449 2323 568 2396 vitiata,
591 2343 774 2403 pleramque
790 2325 863 2383 adeo
882 2327 1066 2403 versionem,
1088 2328 1121 2384 ιἰι
1140 2337 1222 2383 terra
1236 2327 1291 2402 Sy·

192 2410 243 2468 riu
267 2409 305 2469 ad
327 2418 419 2490 calrut
439 2412 470 2474 3.
493 2407 564 2468 libri
589 2414 616 2474 1.
635 2410 784 2488 Antiquit.
800 2407 916 2472 iudaic.
934 2412 1044 2472 calcem
1058 2431 1175 2471 mecum
1192 2410 1292 2468 obser·

190 2493 285 2553 vobit.
306 2495 503 2554 Nonoccultn
519 2493 631 2574 puriter
645 2496 806 2554 Pausaniae
822 2497 859 2555 nd
876 2497 927 2559 lih.
938 2503 967 2562 6.
982 2507 1089 2556 metam
1105 2496 1186 2555 Seria
1203 2497 1291 2554 insu-

189 2579 231 2654 le,
253 2599 309 2639 neo
323 2580 488 2640 Heliodoro
504 2583 589 2638 Seres
603 2579 764 2661 Aethiopes
783 2581 918 2660 Aegypto
936 2582 1040 2654 vicini,
1062 2582 1099 2640 de
1114 2582 1225 2659 quibus
1240 2577 1293 2638 laic

190 2663 320 2746 Aethiop
335 2667 388 2727 lib.
397 2672 426 2732 9.
442 2659 620 2747 γινώσκεται
633 2661 666 2725 tt
679 2664 702 2745 η’
710 2668 809 2746 Σηρία
820 2670 914 2744 νῆσος
927 2666 959 2728 ἐν
967 2669 1052 2752 μυχῷ
1064 2659 1221 2742 θαλάσσης
1233 2685 1292 2726 κει·

192 2748 268 2832 utve
285 2755 341 2831 τῆς
354 2744 496 2833 ἒρυθρᾶξ.
517 2745 635 2830 ἥκουσα
648 2746 682 2822 δὲ
700 2748 756 2827 oie,
782 2746 836 2830 οὐχ
850 2748 872 2830 ἦ
888 2748 1003 2834 ἐρυθρά
1010 2798 1023 2826 ,,
1040 2745 1172 2830 ποταμὸς
1186 2748 1234 2824 δὲ,
1256 2743 1292 2810 ὃν

192 2839 281 2916 Σῆρα
295 2830 509 2916 ὀνομάζουσιν,
531 2827 620 2906 οὗτός
635 2833 714 2897 ἐστιν
727 2834 748 2899 o‘
761 2841 860 2899 ποιων
874 2841 969 2914 νῆσον
987 2828 1101 2914 siche,
1125 2829 1223 2913 ὅσαιρ
1240 2831 1291 2894 καλ

190 2913 349 2997 Αἰγύπτου
373 2918 407 2983 τά
422 2922 508 2983 δέλτα
520 2915 580 2984 siuti
595 2924 651 2982 τοῦ
665 2922 788 2998 Νείλου,
809 2920 860 2983 καλ
873 2915 928 3000 οὐχ
941 2918 1003 2984 tsi
1018 2924 1090 3001 μιᾶς
1101 2917 1293 3002 περιέχεσθαι

191 2998 357 3084 θαλάσσης.
378 2999 520 3084 τοιαύτην
532 3003 644 3084 ἑτέραν,
660 3005 710 3068 καὶ
723 3002 780 3085 την
792 3010 909 3086 Σηρίαν
919 3010 1017 3084 νῆσαν
1029 3001 1116 3070 εἶναι.
1138 2999 1223 3067 ου’τοι
1236 3001 1293 3084 μέν

193 3088 306 3149 suenni
321 3091 379 3151 του
392 3084 555 3151 Αἰθιόπων
569 3088 675 3168 γένους
689 3086 774 3153 nicol
789 3113 817 3152 τε
830 3089 907 3154 εἰσὶν
922 3091 955 3153 oi
971 3095 1078 3173 Σῆρες.
1120 3092 1207 3150 Satis
1221 3109 1293 3146 cun-

192 3183 258 3230 stat
271 3176 389 3232 Setiam
404 3175 539 3232 ιἰιιιιλααι
551 3175 644 3231 situm
658 3175 793 3232 lumbri
808 3179 905 3234 ιιιιινίυ
919 3185 1056 3235 recessu.
1086 3175 1209 3235 Audivi
1222 3193 1289 3230 veru

193 3260 251 3338 qui
270 3256 419 3336 dicerent,
441 3281 502 3318 αυιι
520 3279 605 3316 ταυτα
621 3258 763 3328 rubrum,
786 3259 841 3318 sed
857 3265 955 3319 Serena
970 3281 1086 3318 omanem
1101 3261 1236 3318 insulam
1250 3258 1291 3316 il·

193 3345 387 3421 lamsucrre‚
408 3366 468 3404 ιιυιι
481 3345 573 3402 aliter·
585 3365 677 3422 quum
690 3345 799 3414 Nilus,
820 3367 885 3403 ream
891 3387 902 3418 ,
924 3347 977 3402 oui
987 3347 1083 3406 Delta
1096 3367 1200 3404 nomeu
1207 3387 1217 3419 ,
1241 3366 1291 3403 ne·

194 3451 253 3510 que
274 3433 353 3490 enim
373 3433 457 3487 thuri
475 3431 544 3488 ullo
562 3449 596 3485 ex
614 3439 706 3508 purte
727 3431 882 3508 cingitur:
904 3441 932 3486 et
946 3429 1028 3488 Ιιαιια
1043 3452 1158 3511 quoque
1171 3433 1291 3490 Setiam

193 3516 331 3574 insulam
349 3514 527 3595 parimodo
541 3518 698 3578 coesets'tut'.
738 3517 805 3575 Hic
819 3513 939 3596 quidem
952 3517 1035 3576 Seres
1051 3514 1096 3576 ad
1104 3517 1291 3597 Aethiopum

189 3623 290 3687 genus
303 3613 492 3662 revocantur.

279 3703 435 3786 Κτιμένου
448 3702 598 3784 uestium]
620 3702 668 3763 td
687 3704 846 3785 Erythraei
864 3704 975 3768 littoris
996 3706 1084 3788 Pylae
1104 3704 1219 3765 insulse
1239 3724 1295 3763 co-

190 3790 312 3849 lumnas
322 3792 388 3849 sive
404 3790 493 3851 stelas
505 3791 639 3870 lapideus
653 3789 747 3852 literis
757 3791 1087 3871 insculptesquondam
1100 3791 1179 3851 visas
1192 3797 1294 3847 narrat

191 3875 308 3934 Plinius
328 3877 514 3956 loconuper
526 3875 663 3953 laudato,
686 3897 747 3957 quo
766 3875 1121 3958 sculpendarumlitteris
1135 3874 1294 3934 columnu-

157 3960 165 3974 '
191 3979 264 4019 suan
278 3960 310 4018 in
324 3981 358 4021 ee
372 3963 493 4039 regione
506 3981 619 4021 morem
631 3963 762 4022 extitisse
776 3984 840 4022 non
853 3962 1023 4023 obscurum.

281 4063 358 4123 oue
376 4067 433 4126 soei
449 4056 572 4143 πράτου
590 4061 725 4145 Enoch]
748 4063 853 4122 Thoth
865 4063 1138 4124 Alexandrinorum
1154 4069 1198 4120 eet
1212 4058 1294 4120 hlet-

192 4145 312 4219 curius,
333 4147 376 4206 ait
393 4148 535 4207 Eusebius
556 4148 593 4206 de
612 4149 750 4229 Praepsr.
771 4149 913 4227 Evangel.
929 4150 979 4210 lib.
993 4155 1023 4213 2.
1045 4167 1109 4226 cop.
1126 4151 1154 4211 1.
1169 4145 1293 4225 reliquis

191 4231 237 4290 Ac.
258 4230 351 4310 yptiis
368 4230 490 4310 'l'hoyth
508 4233 606 4290 <lictus
629 4232 733 4314 (quarn
751 4234 910 4293 lectionem
926 4232 1119 4309 amplectitur
1133 4230 1181 4290 his
1195 4232 1293 4290 Scali-

191 4251 257 4394 gcsh
280 4315 360 4374 idern
372 4317 457 4374 Pluto
476 4317 509 4377 in
525 4317 673 4391 Phaedro,
696 4326 726 4375 et
745 4320 848 4378 Cicero
862 4321 892 4384 3.
910 4317 947 4376 de
963 4317 1031 4378 Nat.
1047 4317 1116 4378 lieo.
1128 4315 1292 4379 affirment:

191 4422 211 4460 a
228 4421 287 4480 quo
301 4400 417 4484 priurus
432 4401 540 4462 mensis
554 4402 754 4485 Aegyptiacus
767 4423 878 4462 nomen
890 4401 1023 4462 sortitur.
1132 4447 1137 4456 .
