3109 4959
534 447 596 517 ΕΤ
618 446 972 522 ANNOTATIONES.
1031 438 1033 444 ¹
1219 440 1295 519 629

206 605 286 667 illud
299 602 434 684 intelligi,
459 601 627 686 quodcum
643 602 774 665 Antonio
790 604 876 681 iniit,
897 626 975 667 auno
991 606 1096 670 mundi
1109 609 1201 679 5459.
1212 619 1242 670 et
1258 620 1296 672 ut

206 710 299 773 prave
318 708 532 769 nonuunquam
552 709 621 749 cum
635 688 770 751 Authora
791 689 921 751 scribam
941 692 1032 761 5458
1047 695 1096 754 vel
1113 695 1194 774 quod
1216 714 1309 759 enno.

207 774 301 841 6472.
319 794 357 836 ax
378 773 655 857 Africanilcelculis
678 774 809 855 suscepit
831 777 924 835 solus.
965 776 1115 839 Posterius
1133 778 1192 839 hoc
1211 779 1297 844 annis

206 858 311 919 muudi
327 857 524 919 coniunctum
537 858 563 918 si
575 858 749 939 sumpseris,
765 861 889 920 llomsm
902 879 982 930 auno
995 862 1099 922 mundi
1111 862 1203 931 4754.
1221 884 1298 925 con-

207 941 299 1003 ditam
313 942 399 1002 suuis
415 941 530 1003 duobus
542 942 614 1004 solis
629 963 744 1003 summe
758 948 832 1013 720.
850 945 965 1005 adiecta
980 956 1110 1026 superet.
1131 968 1237 1007 verum
1258 949 1297 1009 sb

206 1025 320 1087 exectis
335 1024 455 1103 regibus
471 1047 551 1088 enno
565 1028 672 1089 mundi
691 1028 786 1095 4980.
807 1049 881 1109 quae
896 1028 1048 1107 colligitur
1062 1031 1133 1098 477.
1150 1052 1298 1093 annorum

205 1129 320 1171 summa
334 1110 373 1170 ad
387 1110 469 1172 illius
483 1112 601 1192 imperii
614 1112 742 1188 limites,
765 1133 877 1174 sunum
889 1112 1005 1174 scilicet
1016 1114 1110 1183 6472
1127 1137 1188 1175 uon
1203 1108 1300 1175 aitin-

207 1194 258 1274 git.
301 1194 387 1255 Prius
399 1195 425 1254 si
438 1195 576 1273 dederis,
597 1195 783 1277 ellegilugio
798 1199 918 1278 quidem
932 1197 970 1257 ed
984 1210 1163 1279 occupatum
1183 1200 1219 1260 ab
1238 1202 1301 1260 Au·

206 1287 294 1359 gusto
315 1288 384 1359 post
398 1281 527 1342 Caesena
539 1290 666 1352 mortem
677 1281 851 1363 imperium,
873 1282 989 1363 reperio
1010 1284 1138 1363 scriptos
1156 1284 1207 1345 hic
1223 1284 1298 1351 477.

207 1382 316 1423 asinoe:
338 1364 504 1442 Augustum
519 1364 673 1446 utrmque,¹
685 1368 722 1426 da
738 1386 800 1446 quo
822 1367 956 1449 saepius,
979 1368 1016 1427 ad
1034 1368 1178 1449 llempub.
1200 1369 1300 1429 adrni-

206 1448 390 1509 nietrsudant
407 1469 485 1509 anno
501 1451 594 1518 5468.
609 1452 767 1530 depravate
780 1453 885 1532 posuit
901 1449 1018 1534 Author
1031 1471 1097 1533 pag.
1110 1454 1183 1521 805.
1196 1453 1232 1514 A.
1258 1454 1300 1512 ut

208 1551 306 1591 came
324 1531 410 1593 iactis
422 1535 531 1594 llomsa
553 1534 754 1597 fundamentis
765 1556 845 1596 enno
860 1537 954 1605 4754
975 1537 1014 1596 sd
1027 1538 1144 1616 fugatos
1166 1556 1249 1616 reges
1269 1544 1300 1596 at
1411 1606 1415 1613 Ι

206 1616 362 1676 institutos
377 1620 458 1679 Coss.
474 1639 552 1684 anuo
566 1618 658 1686 4981.
673 1640 735 1679 uon
746 1620 849 1700 plures
865 1625 937 1688 227.
952 1640 968 1678 a
981 1620 1102 1681 llomuli
1117 1641 1188 1682 vero
1203 1630 1301 1681 morta

208 1720 284 1781 quae
304 1701 411 1761 mundi
432 1702 526 1772 4779.
547 1700 661 1781 signata
676 1712 720 1763 est
733 1704 792 1763 soli
804 1707 879 1772 201.
891 1710 923 1764 et
934 1723 997 1763 uon
1011 1704 1083 1773 248.
1105 1714 1302 1767 numerentur

208 1784 296 1860 enni;
325 1804 390 1845 eam
408 1785 446 1845 ob
460 1806 523 1847 rem
537 1809 554 1847 s
567 1788 677 1848 llomse
696 1788 820 1847 conditu
830 1796 861 1848 et
873 1807 952 1848 anna
967 1787 1061 1856 4754.
1077 1788 1117 1847 ed
1133 1791 1300 1867 Augustum

208 1868 302 1936 6458„
321 1868 371 1929 vel
393 1870 485 1938 5450.
505 1871 719 1951 imperantem,
747 1892 811 1933 non
825 1876 898 1939 720·
909 1871 963 1931 sed
977 1873 1050 1938 704.
1065 1872 1114 1931 vel
1126 1874 1201 1940 705-
1217 1873 1300 1933 dun·

208 1962 292 2015 tuat
306 1973 399 2014 annos
411 1955 495 2015 iuxta
507 1955 638 2036 syncelli
653 1966 829 2037 computum
841 1965 923 2017 recte
936 1955 1098 2035 posuerim.

290 2030 363 2101 ’Λπό
378 2035 560 2113 didicissem
577 2037 709 2121 Τροίας]
738 2041 905 2101 Praesentis
919 2047 1021 2100 textus
1041 2038 1213 2119 depravatio
1231 2038 1302 2100 Eu·-

210 2122 285 2181 sebii
297 2122 415 2183 Troiam
426 2123 464 2182 ed
479 2144 590 2184 annum
603 2124 736 2205 Abrahae
750 2126 824 2191 885.
836 2124 1025 2198 destructam,
1040 2133 1071 2183 et
1084 2122 1208 2183 Antonii
1217 2143 1303 2182 mor·

209 2216 270 2267 tem
291 2207 328 2268 ad
341 2227 452 2267 asinum
468 2212 562 2277 1988.
574 2209 730 2269 referentis
752 2211 916 2269 sentcntiae
937 2206 1092 2287 congruit:
1116 2226 1192 2287 quse
1204 2208 1306 2287 sequi-

210 2299 263 2352 tur
284 2290 315 2349 in
336 2312 460 2352 numero
478 2287 550 2376 vly'.
569 2302 603 2353 ut
621 2292 768 2368 Autlrori,
797 2294 843 2354 sic
864 2292 991 2354 Eusebio
1021 2292 1205 2352 adversatur.
1253 2291 1304 2368 Ad

210 2374 353 2437 Authoris
375 2386 503 2437 mentem
527 2387 685 2459 reparatur
705 2378 819 2458 scripto
840 2370 945 2463 ,opnpfl
964 2376 1031 2438 vice
1049 2371 1151 2460 ‘apvyfi
1173 2384 1202 2435 et
1224 2370 1301 2438 und‘.

210 2460 276 2521 vice
291 2455 364 2545 oty'.
406 2462 546 2522 Ultimum
560 2482 688 2542 nemque
704 2462 819 2523 cladem
835 2482 921 2544 passa
935 2470 980 2521 est
992 2461 1081 2521 Troia
1104 2459 1301 2537 annemundi

210 2546 304 2611 4880.
319 2566 357 2603 ex
370 2546 466 2625 pagio.
483 2551 552 2614 170.
567 2569 584 2606 a
600 2548 711 2627 quoad
726 2548 851 2625 Augusti
864 2545 1067 2629 principatum
1086 2544 1192 2604 mandi
1208 2537 1302 2611 5459.
1342 2616 1345 2621 ,

212 2629 420 2707 consignatum
431 2632 521 2691 medii
536 2630 636 2691 fluunt
652 2636 744 2699 1108
756 2640 786 2691 et
798 2650 929 2692 rursuss
942 2631 1077 2711 praelato
1086 2636 1189 2707 captae
1197 2627 1303 2687 Troiae

210 2712 306 2857 lbimite
320 2713 359 2772 ed
375 2724 547 2797 susceptum
562 2736 580 2777 a
593 2716 722 2777 llomulo
736 2735 816 2776 anuo
832 2716 925 2784 4742
942 2733 1068 2795 regnum
1080 2713 1138 2772 soli
1152 2712 1225 2778 411.
1239 2711 1302 2771 els-

232 2808 335 2859 untur.

297 2883 364 2961 Τῆς
382 2874 439 2945 οὖν
461 2876 533 2965 pne'.
548 2876 771 2965 ’Otvpmoidogl
792 2882 953 2958 Quoddam
971 2881 1091 2943 Eusebii
1103 2882 1302 2960 fragmentum

212 2966 294 3047 apud
307 2968 470 3027 Cedrenum
485 2979 589 3028 extans
603 2969 766 3049 praemittit
783 2968 849 3029 istis
868 2968 999 3046 Scaliger
1009 2976 1111 3027 textus
1123 2985 1190 3047 pag.
1206 2970 1257 3032 51.
1273 2974 1304 3025 et

212 3070 250 3110 cx
264 3052 389 3129 Georgia
405 3053 508 3113 multis
520 3054 670 3134 pertibus,
690 3053 808 3132 inquit,
830 3053 868 3113 eb
883 3051 1058 3133 antiquariis
1072 3051 1208 3111 mutilato
1224 3050 1305 3108 inter

213 3135 337 3194 Cedrern
356 3136 534 3196 collectanea
553 3138 621 3199 vult
641 3139 832 3218 deportatum
853 3137 922 3197 Not.
939 3156 1004 3215 pag.
1024 3139 1097 3201 260.
1119 3133 1159 3190 Δῖ
1182 3131 1303 3209 (14078ῑὶ

213 3238 289 3299 opus
297 3260 307 3292 ,
330 3227 365 3276 ut
379 3220 435 3278 sibi
447 3220 547 3299 tingit,
568 3221 707 3281 vitiatum
721 3242 810 3301 quam
819 3229 929 3280 temere
942 3218 1087 3279 ariolatus
1102 3214 1232 3294 Scaliger
1244 3216 1303 3277 de-

214 3302 391 3365 claravimus
408 3304 439 3361 in
456 3305 617 3384 prooemio.

293 3386 361 3465 Ptg·
382 3390 454 3454 311.
479 3393 524 3472 Τῇ
543 3386 577 3452 di
598 3383 678 3471 png'.
698 3382 905 3469 Ὀλυμπιάδι]
933 3384 1037 3466 Atqui
1054 3380 1234 3462 Olympiade
1247 3384 1305 3441 in-

214 3484 300 3532 eunte
320 3471 419 3529 inibat
437 3493 535 3532 onnus
553 3472 704 3533 secundus
723 3494 744 3530 o
762 3484 856 3531 morte
869 3473 1002 3531 Antonii
1016 3467 1062 3528 ad
1078 3488 1192 3528 annum
1209 3467 1302 3533 5472

215 3558 252 3617 ab
274 3557 413 3616 Africano
428 3562 542 3637 posita.
587 3558 681 3621 Video
696 3558 837 3620 Libraris'
854 3552 997 3634 dvoniavg
1022 3554 1098 3615 bene
1111 3552 1304 3613 monetSca·

214 3642 290 3721 liger
305 3641 463 3702 Animadv.
477 3665 507 3722 p.
523 3648 594 3710 260.

300 3723 386 3788 Karai
400 3727 503 3789 τοίνυν
516 3724 586 3807 one‘.
600 3722 807 3811 Ὀλυμπιάδα]
826 3725 971 3806 Lepidum
986 3723 1130 3802 dignitate
1148 3727 1263 3780 molum
1274 3726 1305 3779 tt

214 3809 378 3886 relegatum
390 3812 482 3872 refert
490 3814 659 3879 Suetonius.
678 3810 712 3877 sd
724 3809 957 3891 κατασχεθὲντος
971 3830 989 3869 a
1002 3810 1064 3871 tta.
1073 3804 1160 3869 Barla.
1169 3805 1308 3887 deprom-

215 3904 299 3977 ptum
315 3903 367 3953 cst.
395 3896 558 3956 Periochen
569 3897 647 3958 hanc
661 3898 772 3957 omittit
787 3895 927 3974 Scaliger.

236 4054 238 4061 Ι
302 3979 342 4041 Οἱ
363 3976 397 4041 ἕν
417 3973 646 4067 Ἀλεξανδρείᾳ]
681 3983 747 4042 Hoc
765 3978 813 4041 eet
835 3980 915 4058 quod
938 3978 1077 4039 observat
1098 3972 1241 4034 Eusebiae
1265 3968 1306 4067 ad

216 4064 423 4145 Olympiadem
440 4069 510 4131 187.
541 4066 675 4143 Quidam
689 4066 728 4126 oh
741 4067 800 4125 hoo
813 4066 878 4124 loco
889 4066 1026 4143 primum
1041 4080 1156 4120 annum
1167 4059 1306 4135 Augusta

216 4146 413 4210 Monarchiae
430 4162 611 4229 supputant.
652 4152 706 4211 Est
719 4161 818 4210 autem
839 4148 918 4230 apud
934 4169 1003 4208 eum
1020 4142 1146 4223 Augusti
1166 4141 1215 4207 15·
1243 4138 1305 4197 Alii

217 4254 287 4294 cum
303 4231 422 4295 Patauio
433 4234 487 4295 lib.
503 4238 551 4301 18.
563 4236 600 4297 de
615 4237 701 4298 Doct.
716 4236 819 4315 Temp.
832 4254 910 4292 anno
929 4233 978 4299 14.
994 4250 1090 4290 atram
1103 4226 1304 4303 Augfflt⁰mm

216 4319 374 4397 assignant.
417 4318 498 4377 ldcm
512 4319 565 4381 lib.
580 4327 629 4387 10.
643 4342 708 4401 cap.
725 4326 775 4387 69.
796 4320 945 4397 Tyrones,
965 4315 1085 4388 scribit,
1105 4307 1307 4404 admonendos

218 4421 340 4481 censeo,
362 4402 408 4463 uti
424 4402 580 4481 diligenter
595 4425 688 4465 euuos
707 4404 845 4465 Actiacos¹
862 4402 899 4462 eb
919 4400 1039 4463 Actiaca
1051 4393 1179 4457 victoria
1192 4391 1308 4453 ducu-
1341 4450 1343 4454 ,

284 4502 382 4575 (ieorg.
399 4503 537 4572 Synccllae.
554 4500 590 4556 11.
1059 4499 1102 4566 34
