3109 4959
256 421 330 492 33ss
627 421 972 491 EMENDATIONES

258 585 363 645 ctesias
377 582 442 641 cani
458 589 645 640 consuetum
690 574 860 680 Xprerde'
840 578 950 684 ave'nrp
965 578 998 644 ἐκ
1012 584 1128 681 νεκρῶν
1142 577 1269 668 θανάτῳ
1289 581 1350 645 θά-

256 694 349 734 νατον
362 663 516 748 πατήσας,
542 666 670 738 καὶτοῖς
686 665 718 725 ἕν
733 660 867 771 prripeer
884 663 963 744 ζωὴν
977 661 1182 743 χαρισάμενος

342 755 407 834 Pag
418 758 447 818 3.
457 749 656 814 Ὀκτακοσίων
668 748 826 824 tantine]
840 745 963 825 Td,drio,
973 751 1136 810 redundat:
1159 773 1215 813 nec
1229 753 1351 812 insum.

257 861 306 899 ma
324 839 450 896 subinde
468 836 632 936 colligenda
650 834 784 893 binarius
799 836 963 894 rotundum
975 855 1135 894 numerum
1149 847 1317 917 exsuperat.

341 917 534 993 Ἰνὸικτίωνος
557 915 698 1000 πρώτης]
724 920 934 979 Revolrendae
958 919 1067 998 iugiter
1092 941 1237 982 arrriormn
1257 926 1352 1000 quin-

257 1007 373 1081 decim,
395 1008 457 1064 sive
474 1007 672 1064 indictionum
691 1005 824 1082 periodi,
846 1005 942 1084 primo
957 1005 1051 1080 gradu
1066 1005 1102 1060 ab
1118 1028 1197 1065 anno
1212 1029 1227 1064 a
1246 1004 1353 1064 mundi

258 1054 384 1151 conditir
397 1092 490 1157 5460.
504 1112 579 1167 quae
594 1087 735 1148 duthoris
750 1110 833 1146 mens
846 1100 891 1148 est
904 1111 968 1168 pag.
984 1094 1054 1154 305.
1068 1089 1099 1146 Β.
1113 1092 1253 1164 deducto,
1274 1110 1352 1148 anim

258 1177 451 1258 poshnodnm
470 1180 562 1240 63.00
578 1195 630 1252 qur
623 1170 758 1232 Christi
774 1181 845 1239 800
864 1184 923 1243 est,
945 1174 1118 1233 indictionis
1136 1177 1278 1272 repetitae
1293 1173 1354 1253 pri-

258 1284 325 1320 mus
342 1281 438 1320 annus
462 1283 498 1316 oi
501 1261 610 1316 eund
634 1258 719 1335 isque
740 1268 785 1316 est
803 1217 923 1338 Georgii
945 1262 1024 1317 eirea
1041 1259 1219 1318 indictiones
1242 1279 1354 1326 sensus,

258 1348 344 1404 iuxta
366 1366 454 1423 quem
479 1345 590 1402 Christi
612 1345 778 1414 nascentis,
810 1353 839 1401 et
859 1345 965 1401 mundi
984 1363 1063 1400 anne
1082 1347 1177 1409 5500.
1195 1343 1356 1402 undecima

260 1431 363 1489 debuit
378 1429 531 1498 exordiri,
552 1438 588 1486 ut
602 1428 730 1486 evolutis
747 1388 784 1484 ab
801 1449 834 1486 ea
849 1429 934 1485 annis
950 1433 1021 1492 800.
1036 1428 1134 1507 prima
1154 1450 1258 1488 rursus
1278 1428 1355 1486 olfe-

259 1527 307 1574 rat
322 1536 353 1572 se
378 1514 600 1572 numerandam.
645 1514 719 1571 Cum
738 1534 811 1571 vero
831 1513 1005 1571 Latinorum
1031 1521 1062 1572 ot
1083 1514 1280 1572 Orientalium
1296 1530 1357 1590 per

259 1600 437 1658 indictiones
455 1597 578 1675 putandi
593 1598 760 1656 eommunis
777 1618 810 1655 ea
826 1598 866 1656 sit
883 1597 1086 1669 consuetudo,
1107 1609 1142 1658 ut
1153 1619 1249 1656 annus
1264 1596 1356 1656 Chri-

260 1686 298 1743 sti
319 1695 389 1742 ortu
408 1694 598 1742 consecratus
614 1682 701 1741 tertia
720 1683 929 1760 consignetur,
953 1683 1005 1760 qui
1021 1683 1057 1740 ab
1076 1703 1110 1741 eo
1130 1683 1267 1762 seqnitur
1281 1687 1353 1746 800.

261 1780 383 1826 octavae
405 1770 533 1845 postulat
548 1767 766 1827 characterem:
791 1788 828 1826 ex
844 1789 903 1846 quo
922 1767 1034 1826 Christi
1051 1770 1177 1826 natatem
1196 1787 1308 1825 arrarum
1324 1766 1358 1822 in

261 1854 396 1931 computi
410 1847 514 1910 Graeci
535 1854 626 1917 5493.
643 1853 847 1930 potiusquam
863 1853 894 1910 in
910 1853 1001 1918 5500.
1019 1855 1221 1932 reponendam
1237 1851 1358 1910 consui-

261 1937 372 1995 tissime
385 1938 568 1994 ‹terrendi-at
581 1938 719 1996 Petavius
735 1939 784 2000 lib.
798 1945 827 2004 9.
843 1938 879 1996 de
891 1939 978 1998 Dect.
990 1939 1015 1994 T
1016 1959 1091 2016 erirp.
1108 1960 1171 2018 cap.
1187 1941 1217 2002 3.
1233 1947 1262 1994 et
1274 1955 1356 2014 seqq.

260 2023 415 2080 videndus
445 2022 521 2079 idem
542 2023 722 2098 'l‘emporurn
749 2022 860 2080 Doctor
882 2022 932 2080 lib.
953 2022 989 2082 H.
1011 2044 1077 2101 eap.
1099 2026 1151 2088 39.
1175 2024 1212 2081 ad
1234 2021 1356 2093 calcem,

262 2118 291 2165 et
307 2107 461 2164 Variacum
479 2107 594 2164 dissert.
608 2107 658 2166 lib.
675 2112 705 2168 8.
721 2108 759 2164 ad
779 2108 955 2166 Auctarium
969 2107 1006 2163 de
1028 2109 1109 2168 boet.
1122 2108 1223 2186 'l'ernp
1237 2106 1357 2168 Adeun-

261 2191 319 2250 dus
336 2191 445 2268 pariter
463 2191 588 2248 hilarius
605 2191 652 2249 vir
667 2192 747 2247 onmi
763 2192 914 2269 praeclara
926 2191 1094 2250 eruditione
1105 2191 1357 2250 rennuendandus

261 2277 293 2332 in
308 2276 509 2333 indictionum
526 2296 595 2332 cum
608 2275 721 2332 Christi
735 2285 763 2332 et
779 2276 884 2333 mundi
899 2275 984 2332 armis
1001 2277 1176 2349 concordia,
1199 2275 1357 2355 (ipuacuio

261 2361 402 2418 nimirum
423 2360 461 2416 ad
484 2360 566 2417 atiud
591 2360 627 2416 de
650 2360 809 2417 Dominicis
829 2369 859 2418 et
882 2359 1115 2420 hebdomadibus
1135 2362 1268 2432 adiecto,
1296 2379 1356 2438 quo

263 2445 334 2503 licet
354 2445 462 2503 Christi
487 2447 615 2504 natalem
640 2443 744 2502 Graeci
764 2445 828 2502 aire
852 2445 906 2505 ffl'.
931 2446 1065 2526 computi
1090 2466 1169 2503 anno
1191 2449 1284 2510 5508.
1309 2465 1358 2501 so-

261 2530 343 2589 cium
360 2531 516 2604 adiungat:
539 2528 639 2606 quoad
656 2528 835 2584 indictiones
852 2527 954 2586 eodem
970 2531 1062 2594 5508.
1076 2530 1229 2596 νο15494.
1248 2547 1357 2587 nurne-

261 2615 370 2672 randas
385 2635 415 2670 se
431 2631 493 2671 non
511 2613 667 2669 dissentire
681 2613 822 2670 (tentarat.
1366 2673 1370 2682 .

347 2696 540 2776 Κεχυμὲνον.]
564 2699 620 2754 Per
632 2699 718 2753 inane
737 2695 882 2753 diss‘usurn
894 2703 924 2753 et
939 2705 1109 2769 extensum,
1130 2717 1193 2754 non
1204 2716 1242 2754 ex
1256 2681 1357 2756 lireido

261 2803 406 2860 corpore,
428 2783 492 2840 sote
510 2783 644 2860 putaret
663 2781 774 2855 stellis,
797 2789 938 2858 tanquam
956 2801 971 2838 e
992 2781 1116 2860 proprio
1137 2783 1217 2840 sonte
1232 2781 1356 2859 micans.

261 2868 296 2926 ld
311 2877 390 2924 certe
404 2867 482 2922 diem
498 2866 568 2921 inihi
584 2867 758 2937 constitnit,
784 2886 844 2922 non
859 2887 924 2922 eum
937 2886 1026 2942 qnern
1043 2865 1117 2924 tucis
1131 2875 1160 2925 et
1176 2866 1271 2923 noctis
1286 2886 1358 2923 suc-

263 2953 394 3008 cessione
414 2949 556 3007 horarum
574 2947 623 3012 914.
639 2949 734 3026 spatio
756 2950 920 3007 metiuntur
933 2952 1122 3024 Astronomi,
1144 2961 1195 3008 aut
1215 2968 1303 3026 quem
1320 2950 1359 3008 li-

264 3057 317 3092 nea
334 3035 512 3092 succedente
533 3028 749 3110 πρωτόκτιστυν
764 3028 957 3111 νυχθήμερον
978 3034 1096 3092 dutbor
1121 3035 1183 3111 ipse
1207 3055 1267 3090 non
1283 3053 1359 3113 pro·

262 3119 329 3199 prie
350 3119 478 3179 vocavit.
524 3118 633 3198 (Quale
649 3117 758 3176 etenim
776 3114 970 3197 νυχθήμερον
992 3119 1072 3196 quod
1096 3120 1175 3175 untia
1195 3127 1281 3176 noete
1298 3119 1359 3177 suit

263 3214 438 3282 exceptum,
464 3213 517 3260 ant
539 3203 620 3280 (prod
638 3223 698 3262 nox
719 3204 803 3260 nulia
824 3204 1008 3281 praecessit?
1037 3205 1133 3275 Quale
1154 3200 1357 3284 νυχθήμερον,

264 3289 404 3366 inquam,
433 3287 498 3360 cui,
528 3288 662 3345 nondnm
682 3289 744 3345 soie
765 3289 814 3346 vel
837 3297 919 3346 motu
944 3289 1044 3362 edito,
1073 3307 1129 3345 nee
1152 3287 1241 3345 horae
1265 3309 1358 3366 pares,

263 3394 320 3432 nec
333 3373 415 3430 heria
432 3372 560 3449 spatium
583 3373 702 3449 aequale
722 3372 824 3449 putari
845 3371 955 3452 potest)
973 3374 1024 3430 sed
1046 3394 1134 3450 quern
1152 3369 1264 3451 νοητὴν
1277 3371 1360 3450 ἡμέ-

264 3481 320 3537 ραν
336 3452 474 3515 dt'ricuno
488 3457 662 3534 adscripsit,
685 3477 773 3534 quem
788 3477 847 3514 non
865 3458 946 3528 ficte,
969 3458 1021 3516 sed
1037 3458 1128 3516 animi
1143 3477 1231 3515 sensu
1253 3458 1359 3515 conci.

263 3543 407 3623 piendum
431 3544 484 3599 lux
503 3543 566 3619 ipsa
584 3551 802 3619 repraesentat,
824 3543 879 3600 lux
895 3543 1005 3614 eflicit,
1020 3550 1054 3622 et
1070 3544 1120 3600 cui
1140 3542 1269 3619 denique
1285 3543 1359 3601 aiios

264 3648 350 3706 pares
369 3627 445 3685 duos
467 3626 582 3706 gemina
603 3625 659 3683 Dei
679 3647 785 3704 opera,
809 3627 921 3684 editum
942 3646 1048 3705 nempe
1068 3626 1306 3700 firmamentum,
1329 3637 1358 3687 et

264 3713 329 3769 eius
352 3712 387 3768 ab
408 3711 490 3788 aquis
515 3731 643 3788 superne
662 3721 692 3767 et
715 3711 830 3769 interne
853 3711 958 3790 positia
982 3711 1154 3781 dissidium,
1176 3732 1359 3790 eoirrposue·

264 3806 346 3856 runt.
389 3795 435 3852 An
452 3816 513 3853 non
527 3797 581 3853 lus
595 3795 661 3874 ipsa
675 3796 758 3871 dies,
776 3806 806 3853 et
821 3797 871 3873 qui
886 3798 983 3856 luceru
1002 3797 1103 3871 videt,
1127 3795 1204 3854 diem
1226 3817 1358 3873 eernere,

265 3881 441 3944 asserimus?
463 3880 509 3937 An
522 3902 582 3938 non
596 3881 672 3958 opus
686 3881 816 3939 seeundo
833 3881 944 3938 editum
961 3903 977 3938 a
996 3883 1070 3948 beo,
1093 3879 1171 3938 utin
1186 3882 1284 3942 lncern
1299 3883 1358 3938 iarn

266 3965 417 4024 conditam
428 3965 607 4044 productum
619 3973 673 4031 est,
686 3965 761 4022 diem
774 3965 829 4022 sibi
845 3967 981 4044 primum,
996 3974 1025 4022 et
1038 3965 1115 4023 lucis
1129 3967 1292 4024 secundum
1304 3987 1359 4024 nu-

264 4071 378 4109 merare
390 4049 485 4109 dedit:
500 4060 530 4108 et
541 4071 615 4128 opus
624 4051 744 4109 tertium
753 4052 865 4128 pariter
876 4051 972 4108 lucem
981 4051 1096 4110 tertiam
1106 4051 1276 4110 constituit:
1289 4052 1358 4130 quia

263 4136 388 4194 tertium
400 4153 416 4192 a
428 4136 494 4193 luce
505 4135 537 4192 in
549 4156 648 4194 rerum
661 4134 792 4194 onnriurn
808 4136 931 4194 conditu
945 4135 1038 4193 terruit
1054 4135 1172 4194 tocunr‘t
1196 4133 1288 4194 Docte
1301 4138 1359 4195 Eu-

264 4220 363 4277 sebius
379 4219 410 4276 in
425 4218 593 4278 Chronieon
607 4221 740 4279 exordio.
783 4223 848 4278 Hie
860 4220 923 4277 dim
939 4223 1062 4298 primns
1079 4221 1194 4278 suendi
1209 4243 1270 4277 non
1285 4221 1360 4297 pri-

264 4324 334 4360 mus
347 4303 465 4361 illerum
479 4307 630 4362 omnium:
654 4304 780 4384 ideoque
795 4327 853 4364 non
865 4309 999 4384 primus,
1023 4303 1078 4361 sul
1089 4326 1171 4362 untes
1183 4307 1359 4362 nonrinntur

266 4400 319 4452 est.
353 4389 391 4448 Et
408 4388 500 4446 inira:
525 4390 646 4467 Quarto
663 4389 817 4468 diesuna
835 4403 905 4449 aurit
930 4391 1101 4448 Inarime-ia
1119 4387 1179 4448 elno
1198 4393 1233 4448 in
1245 4389 1359 4468 struan-
