3109 4959
536 454 597 525 ΕΤ
623 454 975 525 ANNOTATIONES.
1239 443 1312 518 501

224 613 290 674 aliis
303 608 488 687 adversariis,
508 630 588 671 unos
600 631 662 692 qao
676 632 743 674 cum
759 612 797 673 do
816 612 945 673 oleastro
964 619 1108 690 certaret,
1127 612 1251 675 relictus
1265 633 1316 675 es·

224 706 287 772 set,
306 696 358 756 ille
373 696 475 756 eadem
486 696 617 777 impetu,
641 706 671 758 et
690 697 815 780 pedibas
825 706 1021 779 praeventum
1037 698 1250 760 Arrachiooem
1263 699 1315 761 iu-

224 780 334 856 cinxit,
356 791 387 841 et
407 781 544 842 manibus
568 781 680 841 collum
702 782 880 844 obstrinxit:
910 781 983 843 Eius
1004 782 1129 861 digitum
1145 782 1315 849 Arrachion

221 866 307 949 pedis
322 866 461 943 inlrcgit,
484 876 514 925 et
528 865 598 925 dum
612 870 814 945 strangulatus
825 868 882 928 iam
894 868 1022 926 animam
1040 877 1155 946 ageret,
1174 888 1247 949 prae
1258 869 1316 928 di.

221 950 276 1029 giti
291 949 410 1025 dolore,
432 950 618 1011 adversarius
637 952 740 1012 eodem
758 952 900 1032 temporis
917 962 1068 1012 momento
1087 954 1212 1015 corruit.
1231 954 1315 1016 Elaei

221 1035 323 1113 itaque
339 1034 532 1094 Arrachionis
546 1037 684 1095 cadaveri
697 1037 856 1097 victoriam
868 1046 898 1097 et
912 1056 1053 1096 coronam
1068 1037 1223 1117 praeconis
1239 1059 1314 1101 voce

222 1118 441 1179 adiudicarunt.
483 1119 565 1180 Haec
590 1121 653 1180 ille.
696 1122 815 1182 Author
835 1120 1047 1183 Arraclsionem
1074 1122 1142 1181 ideo
1170 1143 1314 1184 coronam

221 1202 362 1285 adeptum
376 1202 506 1281 iudicat,
530 1205 611 1283 quod
624 1208 809 1285 categonista
826 1207 976 1310 posterior
988 1206 1116 1265 snirasm
1129 1206 1280 1269 emisisset.

310 1292 373 1352 Toni
391 1282 613 1369 sivrryovsorosi
633 1292 787 1370 κλωμένου
809 1294 865 1352 rori
884 1287 1022 1395 poddc‘
1000 1315 1044 1353 on
1049 1284 1202 1371 ἀιἰοὕ.]
1231 1291 1315 1373 Legit

221 1382 364 1453 corrupte
383 1382 414 1434 et
433 1373 536 1433 mutile
550 1374 679 1450 Scaliger
692 1374 801 1479 pagina
815 1368 902 1453 42'
881 1379 1106 1455 orroyosrsoroai
1126 1376 1314 1457 Κλεομένους

220 1461 279 1520 rosi
280 1500 542 1520 ......
583 1454 709 1531 stodor
688 1482 732 1523 vn
759 1452 866 1521 oritoni.
910 1459 996 1517 Unde
1010 1458 1203 1518 Arrarhtonrs
1216 1463 1315 1520 Anta

221 1542 367 1621 genistam
388 1550 476 1603 vocet
497 1542 699 1618 Cleomenem,
727 1552 756 1601 ot
782 1540 887 1621 quid'
877 1562 911 1601 ιιι
933 1544 1041 1601 lacuna
1062 1542 1259 1620 desideret,
1248 1566 1315 1627 spse

221 1625 378 1703 edisserat,
398 1626 447 1686 vel
467 1626 569 1687 lumen
591 1626 713 1686 meridie
734 1635 874 1706 quaerat:
901 1626 1013 1707 alioqui
1034 1627 1142 1709 planus
1161 1638 1207 1690 est
1225 1629 1265 1691 tl.
1280 1633 1312 1695 8.

219 1718 338 1787 textus,
359 1719 389 1771 et
402 1712 513 1772 trustra
500 1720 685 1816 torquetur
697 1712 729 1771 io
743 1711 837 1769 Notis.

305 1792 515 1875 Σιμωνίδης
493 1821 575 1876 napa
576 1796 644 1875 teo]
665 1796 753 1855 Hunc
769 1804 798 1852 et
813 1802 983 1870 sequentem
993 1792 1154 1853 articulum
1166 1793 1312 1857 Eusebius

220 1878 261 1941 ad
274 1880 326 1947 65.
342 1879 514 1940 Chronicon
526 1879 670 1941 Alexand.
686 1878 723 1936 ad
737 1880 787 1942 58.
808 1877 927 1956 Olyrnp.
941 1887 1075 1938 revocat.

303 1962 462 2027 ‘HAotaJv
474 1962 630 2045 βασιλεία]
651 1962 739 2035 Quod
753 1962 890 2021 l'rtavius
904 1962 983 2021 libro
1000 1966 1051 2027 10.
1064 1960 1102 2021 ds
1111 1956 1196 2024 Doct.
1209 1963 1313 2046 Temp.

221 2067 287 2128 cap.
305 2050 336 2115 5.
351 2049 509 2123 desiderat,
530 2045 933 2126 Lydorumyidelicetrogni
948 2046 1086 2106 notitiam
1104 2047 1205 2127 quoad
1222 2048 1313 2112 finem

222 2140 251 2191 et
264 2132 446 2213 primordia,
468 2132 627 2210 syncellus
641 2131 785 2232 exponit.

302 2216 371 2293 Pag
391 2216 465 2281 240.
487 2220 619 2297 Κροῖσος
639 2213 714 2280 nonai
735 2210 842 2297 Κόρου
865 2208 1065 2312 στρατεύσας]
1098 2215 1146 2275 Ex
1166 2212 1213 2273 his
1236 2234 1313 2293 quas

217 2298 336 2381 placeat
348 2319 460 2359 summa
474 2298 610 2381 decerpit
625 2301 756 2381 Scaliger
770 2321 836 2381 pag.
811 2300 904 2366 ⁰43.
921 2300 959 2358 ad
970 2300 1130 2377 marginem
1145 2321 1161 2359 a
1175 2298 1312 2359 Librario

218 2392 321 2444 notata
334 2382 367 2443 in
377 2384 481 2444 fictum
493 2385 612 2446 Eusebii
626 2395 743 2446 textum
759 2385 905 2448 intrudit.
926 2394 958 2445 et
968 2385 1006 2444 ad
1016 2394 1127 2445 rectam
1139 2384 1311 2465 prosodiam

146 2478 150 2487 '
219 2467 256 2529 ab
272 2469 394 2531 oraculo
407 2470 556 2549 prolatum
573 2490 691 2531 carmen
705 2470 858 2535 exscribit.

336 2558 468 2656 Κροῖσος
478 2551 573 2619 ’Ἅλυν
593 2553 700 2635 διαβάς
720 2550 851 2658 μεγάλην
872 2547 1004 2634 δύναμιν
1023 2548 1191 2619 roseliers.

303 2633 410 2720 Κύρου
426 2643 486 2702 τῶν
502 2644 627 2722 Περσῶν
646 2640 702 2705 ἔτει
721 2663 746 2703 ss
746 2636 778 2721 '.]
800 2638 1085 2738 &chronologicis
1106 2636 1215 2698 tabulis
1234 2657 1311 2718 pro-

218 2720 504 2800 baalsameadana,
524 2734 602 2785 utet
618 2744 760 2804 sequens,
781 2745 861 2806 qua
861 2718 929 2795 ὦς’.
951 2723 1017 2784 vice
1033 2746 1095 2808 s..
1177 2721 1309 2781 .sub-

218 2807 372 2885 stituitur,
394 2828 449 2867 neo
471 2829 532 2868 non
554 2809 657 2883 tertia,
680 2810 825 2888 qusquis
844 2781 949 2869 rhundi
972 2809 1062 2867 suerit
1083 2827 1178 2865 onnus
1147 2766 1308 2867 ΗΙοιιιιιι

218 2856 405 2954 Pontificdtu
416 2902 603 2954 consecratus
619 2913 657 2953 ex
667 2894 733 2955 solo
747 2893 943 2975 praecessoris
965 2892 1032 2954 issu
1048 2890 1104 2951 tilii
1117 2889 1237 2952 losedec
1252 2910 1311 2949 sn-

217 2996 326 3037 norum
343 2987 465 3081 aspectu
480 2978 651 3041 coniicitur.

303 3057 472 3143 Καμβύσης
486 3086 560 3125 κατα
553 3056 761 3147 Ἰόσηππον]
782 3060 862 3122 Haec
875 3062 1005 3140 reiems,
1028 3080 1089 3122 non
1102 3077 1231 3120 asserere
1245 3058 1308 3117 hu·

218 3142 336 3207 thorem
351 3147 439 3205 docet
454 3149 595 3245 proprius
609 3148 670 3205 eius
684 3156 851 3223 consputus.

300 3225 372 3297 Ἀπδ
387 3223 609 3309 Ναβονασιιρου
622 3228 764 3308 ἕτεισμβ.
766 3228 778 3307 ]
801 3224 870 3302 σις’.
891 3226 981 3286 idest
999 3230 1070 3294 236
1090 3225 1236 3285 duntaxat
1255 3246 1308 3287 re·

218 3334 311 3397 pono.
338 3315 412 3374 Aera
428 3313 573 3391 siquidem
588 3312 769 3371 Nabonasari
786 3332 864 3370 anno
878 3311 982 3369 mundi
1000 3312 1093 3375 4747.
1105 3310 1211 3390 affixa,
1226 3312 1308 3371 solos

219 3403 292 3466 236.
313 3419 407 3459 annos
428 3398 561 3478 postulat
583 3385 750 3471 addendos,
772 3405 807 3454 ut
828 3395 934 3455 deinde
954 3396 1049 3460 4983.
1067 3395 1182 3455 reddat.
1224 3395 1306 3455 Alias

219 3504 292 3542 anna
282 3482 377 3553 '242
392 3481 697 3543 aeraeNabonasareae
706 3440 851 3554 adiuncti,
865 3499 987 3541 annum·
990 3479 1142 3560 cambysis
1157 3485 1187 3546 6.
1202 3499 1239 3539 nx
1254 3480 1308 3540 lo·

219 3567 305 3647 sephi
326 3568 378 3649 (sd
397 3569 482 3629 cuius
503 3566 615 3629 dictum
636 3565 710 3626 haec
734 3566 898 3648 apponitur
917 3561 1002 3646 nota)
1025 3564 1148 3627 calcatis
1167 3565 1308 3625 ultimum

219 3652 295 3711 attin
338 3662 381 3716 nt.

297 3668 372 3815 gilag.
394 3738 465 3805 245.
482 3731 538 3801 hai.
561 3734 610 3815 inp
630 3734 729 3816 rictu]
756 3732 784 3794 Δ
803 3732 1080 3795 Nabuchodonosor
1100 3737 1151 3800 19.
1168 3733 1207 3793 sd
1226 3733 1307 3793 Darii

219 3818 377 3899 Hystapsis
398 3821 575 3895 secundum,
603 3840 680 3879 unus
701 3831 730 3879 et
750 3820 913 3898 nonaginta
939 3827 1136 3878 numerantur
1156 3818 1227 3877 arani
1247 3817 1307 3877 hoc

220 3912 318 3987 pacto.
359 3907 479 3985 lleliqui
499 3904 774 3966 Nabuchodonosor
796 3907 848 3969 24.
866 3902 974 3961 Evilad
994 3901 1154 3963 hlcrodach
1175 3902 1204 3968 5.
1220 3901 1308 3961 Niri*

220 3988 326 4069 glesari
347 3991 377 4051 3.
396 3991 532 4069 Astyagis
549 3995 598 4055 17.
621 3989 693 4071 cyri
708 3993 758 4056 31.
781 3987 932 4066 cambysis
946 3990 977 4052 8.
999 3988 1139 4047 Fratrum
1153 3987 1309 4063 Magorum

220 4092 316 4149 unus,
337 4071 418 4131 larii
430 4074 588 4157 llystapsis
602 4073 674 4138 duo.
716 4077 836 4135 Summa
852 4077 901 4139 91·
918 4092 980 4131 non
993 4082 1028 4132 ut
1045 4072 1182 4153 imperite
1201 4071 1307 4132 Libra·

221 4159 285 4221 rius
298 4159 347 4223 83

304 4242 371 4320 Peg
392 4241 464 4306 246
477 4237 551 4319 Ἕτη
565 4240 623 4304 siol
638 4267 684 4322 aa.
666 4237 698 4323 '.]
719 4242 804 4302 Alter
821 4262 904 4302 error
921 4239 1045 4301 Librarii
1066 4248 1198 4320 septem,
1218 4258 1307 4317 quam

220 4335 380 4408 parasset,
401 4326 498 4385 miuus
514 4325 683 4386 scribentis.
705 4351 758 4408 ay.
751 4327 990 4387 ,nimirumnon
1004 4321 1050 4405 ρι’.
1073 4323 1202 4383 calculis
1223 4343 1307 4385 error

222 4412 427 4473 conmoritur:
450 4431 484 4469 sc
499 4429 536 4469 ex
550 4413 702 4489 superiore
715 4412 835 4491 quidem
850 4400 921 4470 nata
932 4411 969 4469 ab
983 4408 1101 4470 excidio
1122 4408 1307 4470 Hierusalem
