3109 4959
529 459 588 525 ET
611 456 962 525 ANNOTATIONES.
1215 446 1291 520 417

284 609 334 678 Ἐν
349 607 395 688 οἷς
411 611 462 676 ael
474 607 647 694 Εὐσέβιος]
673 613 692 672 A
710 635 788 692 quo,
810 623 840 673 et
853 613 1014 688 Pausania,
1037 613 1182 693 quicquid
1196 613 1232 671 de
1245 615 1290 672 Si.

203 700 318 778 cyoniis
334 699 490 778 hucusque
510 699 674 780 promitur,
696 697 836 757 haustum
855 709 912 757 est:
934 697 1053 758 Anthor
1073 719 1109 755 ex
1127 698 1193 756 aliis
1215 719 1290 755 riori·

162 812 165 816 ·
203 784 283 841 nulla
300 785 423 862 profert.
466 785 509 842 lle
524 783 731 861 Sicyoniorum
751 805 843 862 perro
859 793 929 842 ante
944 792 1047 841 natum
1061 782 1206 853 Abrabam
1224 783 1291 861 pri-

203 868 326 926 mordiis
344 869 428 926 nulla
444 878 489 926 est
505 867 584 926 inter
598 869 757 944 Georgium
771 877 801 925 et
810 867 968 926 Eusebium
985 868 1148 926 discordia:
1171 867 1208 925 de
1222 867 1292 943 fine,

202 972 263 1010 non
281 954 381 1030 quoad
396 972 541 1012 asinorum
558 952 734 1026 terminum,
757 953 808 1010 sed
823 953 922 1030 quoad
936 961 1054 1014 exteros
1072 950 1237 1030 principes,
1258 951 1291 1009 in

202 1056 330 1113 quorum
349 1037 481 1095 incurrit
503 1047 644 1110 aetatem,
665 1038 813 1115 plurimus
835 1038 927 1096 micat
941 1037 1026 1095 inter
1039 1045 1201 1114 utrumqne
1224 1037 1292 1093 dis-

202 1140 317 1182 seusus.
357 1121 501 1181 Eusebius
521 1131 603 1180 retro
626 1123 874 1198 Agamemnonem
894 1132 925 1180 et
947 1121 1080 1198 excisum
1101 1121 1188 1178 llium
1210 1129 1293 1179 tenet

202 1224 304 1263 eorum
318 1203 476 1284 imperium
490 1204 609 1264 desiisse
615 1227 624 1280 ;
647 1204 763 1264 Antlror
779 1207 905 1265 duorum
923 1205 1091 1283 etamplius
1109 1205 1293 1263 saeculorum

200 1289 328 1367 spadium
348 1291 457 1368 partim
473 1309 511 1349 ex
525 1290 635 1348 Coinan
650 1290 793 1365 iunioris,
814 1291 925 1370 partim
940 1311 977 1349 ex
998 1289 1227 1348 israeliticorum
1240 1289 1294 1348 lu·

202 1373 302 1432 dicum
327 1375 470 1434 aetatibus
493 1375 666 1446 collectum,
689 1377 861 1452 frequenter
883 1385 1021 1434 causatus
1041 1375 1294 1453 praetermissum,

163 1462 165 1466 ⁴
201 1455 339 1537 plurimis
362 1460 449 1519 annis
472 1460 697 1536 Agamemnonis
715 1469 840 1518 aetatem
863 1460 950 1538 ponit
968 1467 1162 1517 antevertere.
1203 1459 1293 1516 Peta-

200 1542 268 1600 vius
289 1542 325 1599 dc
347 1543 431 1606 lloct.
456 1544 557 1622 Temp.
583 1544 635 1607 lib.
655 1549 686 1609 9.
714 1565 780 1622 cup.
798 1549 846 1609 16.
874 1544 912 1602 de
936 1544 1146 1621 Sicyoniorum
1165 1543 1292 1600 exordio

201 1646 292 1684 unam
307 1627 462 1706 utriusque
478 1628 654 1687 sententiam
676 1638 823 1703 sectatus,
845 1627 882 1685 de
899 1627 958 1686 fine
978 1627 1131 1705 propriam
1154 1627 1294 1705 prolatu-

159 1767 160 1770 ,
200 1731 269 1785 rus,
291 1711 326 1768 ab
343 1722 473 1791 utroque
493 1713 580 1790 longe
602 1713 776 1791 digreditur.
819 1712 934 1769 Dubius
951 1711 1027 1768 milri
1046 1719 1090 1768 est
1107 1729 1209 1768 eorum
1229 1711 1293 1768 im-

199 1795 319 1874 perium
333 1797 369 1853 ab
392 1799 611 1874 Agamemnone
636 1805 813 1874 occupatum
834 1794 965 1852 scribens
987 1793 1038 1851 lib.
1058 1798 1106 1857 18.
1127 1796 1164 1851 ad
1180 1813 1293 1852 asinum

165 1909 167 1912 ·
199 1878 332 1936 Iulianae
355 1881 470 1938 Periodi
494 1882 588 1944 3514.
608 1901 644 1938 ox
661 1879 723 1938 eius
745 1879 823 1937 enim
850 1877 995 1936 sententia
1021 1878 1103 1935 mille
1126 1879 1211 1935 anms
1230 1899 1294 1937 non

200 1963 330 2021 stetisset
348 1983 449 2022 eorum
471 1983 612 2040 regnum,
636 1974 665 2022 et
682 1963 869 2042 Apollodoro
891 1962 1088 2041 pluribusque
1103 1960 1167 2020 aliis
1185 1962 1294 2021 salver-

200 2056 334 2120 saretnr,
359 2068 396 2104 ex
410 2047 551 2105 Authoris
567 2049 736 2106 testimonio
752 2047 925 2106 scribentis:
948 2040 1105 2126 διήρκεσεν
1117 2044 1168 2125 ἔτη
1183 2040 1229 2129 μ’.
1253 2045 1295 2118 aie

199 2125 421 2211 Ἀπολλόδωρος
434 2131 485 2192 καὶ
501 2130 609 2210 ἕτεροι,
632 2131 665 2194 ἕν
678 2127 724 2205 οἷς
737 2132 789 2194 καὶ
804 2128 969 2211 Εὐσέβιος,
993 2130 1137 2210 ἔγραψαν.
1164 2131 1209 2188 Ac
1223 2132 1294 2189 licet

201 2215 352 2292 duplicem
372 2225 480 2274 statuat
496 2236 598 2274 eorum
614 2219 697 2293 regni
715 2215 840 2291 cladem,
860 2217 988 2296 primam
1000 2214 1080 2272 barre
1094 2214 1129 2271 ab
1142 2214 1296 2292 Agamem.
1399 2250 1401 2253 -

201 2321 279 2360 none
293 2300 425 2375 illatam,
449 2301 570 2359 alteram
586 2321 644 2379 qua
659 2302 796 2360 funditus
810 2301 960 2359 desierunt
980 2309 1050 2379 post
1067 2300 1166 2357 Carnii
1186 2302 1295 2358 Sacer·

201 2385 305 2442 dotum
325 2386 410 2443 annis
429 2387 480 2449 33.
503 2394 682 2464 protractam
699 2385 998 2458 administrationem,
1023 2385 1060 2442 de
1082 2404 1141 2463 qua
1157 2384 1236 2442 idem
1256 2384 1294 2443 ad

200 2468 332 2528 Iulianae
351 2469 470 2528 Periodi
484 2490 594 2528 arritum
609 2471 701 2536 3547.
720 2472 801 2548 quod
819 2479 919 2528 tamen
940 2469 1037 2529 Carnii
1053 2469 1296 2535 Sacer·dotes‚ceu

200 2553 324 2630 legitimi
338 2553 490 2634 principes
505 2555 662 2632 imperium
677 2553 789 2614 exactis
801 2554 919 2632 regibus
930 2556 968 2613 ad
983 2571 1095 2612 armum
1106 2554 1295 2612 millesimum

203 2639 373 2713 tenuerint,
397 2638 433 2696 ab
454 2640 671 2715 Agamemnone
691 2640 775 2719 prius
795 2649 974 2720 occupatum
995 2659 1056 2698 non
1084 2639 1136 2698 liet
1158 2639 1295 2697 erunibus

201 2722 362 2781 verisimile
370 2746 378 2799 3
402 2733 454 2781 aut
476 2734 570 2798 certe,
593 2725 644 2802 qni
666 2723 725 2784 hoc
754 2734 902 2799 asserant,
932 2723 1080 2784 authores·
1099 2723 1296 2803 proferendos

201 2816 357 2885 expetam:
379 2807 542 2884 quinetiam
556 2809 764 2886 Sicyoniorum
778 2829 902 2886 regnum
918 2808 1080 2868 arbitratus
1097 2809 1162 2886 ipse
1180 2807 1296 2866 stetisse

201 2891 241 2949 ad
264 2888 346 2949 inille
369 2892 489 2951 circiter
512 2913 620 2968 astrios,
643 2894 678 2951 ab
701 2895 920 2970 Agamemnone
942 2914 1003 2952 non
1031 2895 1163 2970 potuisse
1182 2891 1296 2966 invadi,

204 2975 306 3050 debet,
328 2984 364 3033 ut
387 2976 443 3034 sibi
461 2985 594 3052 constet,
617 2987 647 3034 et
666 2978 788 3054 reliquis
808 2977 990 3053 consentiat,
1012 2984 1227 3055 consequenter
1246 2997 1298 3034 as-

202 3078 313 3118 serere.
350 3059 396 3118 Ab
419 3059 636 3138 Agamemnone
658 3062 830 3137 subiugatos
850 3062 1006 3142 Sicyonios
1031 3082 1094 3120 non
1115 3062 1206 3120 luisse
1223 3059 1300 3118 milri

201 3145 297 3202 multo
318 3146 427 3202 certius
450 3145 653 3204 demonstrant
668 3146 813 3206 Eusebius
836 3156 865 3206 et
885 3168 967 3207 meus
987 3146 1148 3224 Georgius,
1169 3165 1298 3223 quorum

121 3249 129 3266 ·
201 3227 254 3284 ille
266 3227 369 3284 deletis
383 3227 531 3304 Sicyoniis
544 3233 792 3304 Agamemnonem
805 3232 892 3308 longe
907 3232 1054 3308 priorem,
1078 3231 1128 3287 bic
1147 3250 1210 3287 non
1225 3249 1296 3286 nro-

202 3311 270 3369 dico
293 3310 389 3388 spatio
413 3313 609 3390 posteriorem
630 3315 733 3374 secere.
777 3313 823 3372 Ab
839 3313 967 3371 Eusebio
983 3314 1103 3371 tandem
1125 3322 1154 3371 et
1170 3311 1295 3390 reliquis

203 3395 401 3472 chronologis
419 3395 545 3453 discedit
565 3396 721 3468 Petavius;
746 3397 805 3456 illis
823 3397 902 3456 enim
920 3397 1006 3456 annis
1024 3396 1107 3455 mille
1128 3397 1296 3474 Sicyonio·-

203 3501 272 3539 rum
295 3482 378 3557 regni
403 3481 534 3560 spatium
556 3480 884 3559 circumscribentibus,
913 3481 1050 3541 Petavius
1065 3481 1228 3540 terminum
1242 3501 1297 3540 eo·

203 3585 269 3624 rum
285 3566 425 3624 ultimum
444 3566 475 3621 in
491 3566 734 3625 anirum'l’en'odi
748 3567 878 3625 Iulianae
892 3569 983 3632 3547.
1004 3569 1150 3644 seposuit,
1173 3565 1297 3624 exordia

204 3650 242 3708 ad
262 3652 354 3714 2550.
374 3648 407 3706 id
429 3657 474 3706 est
487 3648 584 3706 tribus
606 3651 691 3706 anrns
706 3671 801 3728 aequo
816 3651 929 3709 tardius
945 3649 1092 3726 alligavit,
1116 3669 1151 3706 ae
1171 3649 1295 3708 biennio

202 3744 290 3813 post,
313 3735 369 3792 hoc
392 3741 436 3791 est
455 3732 532 3791 insto
554 3734 615 3792 sere
633 3735 775 3805 termino,
798 3733 898 3793 fixisse
918 3734 1069 3813 poenituit
1076 3780 1084 3808 ,
1106 3732 1237 3792 scribens
1256 3733 1297 3792 ad

203 3818 310 3877 ultimo
330 3819 451 3876 citatum
464 3838 575 3875 annum
594 3818 644 3876 lib.
661 3824 709 3883 13.
736 3821 947 3896 Sicyoniorum
967 3839 1094 3898 regnum
1111 3822 1195 3877 eirca
1215 3819 1298 3876 Anne

204 3923 321 3960 carrarum
337 3905 461 3960 initium
475 3905 598 3980 (accepit.
642 3906 772 3962 Biennio
792 3908 1008 3964 antevernmus
1028 3903 1080 3963 lib.
1100 3907 1131 3968 9.
1152 3901 1189 3961 de
1204 3905 1297 3964 Doct·

204 3999 293 4066 temp.
316 4008 382 4064 cap.
403 3991 453 4050 16.
483 3986 544 4044 Sed
555 3987 606 4044 laio
620 4009 719 4047 annus·
732 3991 843 4067 placet.
1243 3984 1245 3988 Α

290 4066 444 4149 Κάστορος
457 4071 525 4150 περὶ
540 4075 595 4152 τῆς
608 4073 781 4152 ducatrice]
803 4074 884 4131 Haec
906 4073 1048 4131 Eusebius
1065 4066 1141 4132 nerei
1159 4069 1238 4144 λέξιν
1258 4071 1298 4130 ad
1349 4119 1351 4123 .

203 4175 317 4214 annum
336 4153 471 4228 Abrahae
494 4159 564 4221 880.
617 4157 765 4218 Castorem
786 4177 893 4235 genere
917 4157 1085 4230 Rhodium,
1116 4155 1298 4214 habitatione

206 4240 342 4298 Galatam
364 4240 400 4298 de
425 4240 514 4299 rebus
538 4239 761 4301 Atheniensium
787 4251 816 4300 et
841 4241 1020 4319 Argivorum
1050 4240 1202 4319 scripsisse
1220 4241 1299 4317 leges

206 4325 286 4404 apud
299 4325 473 4383 Eusebium:
496 4325 564 4382 lolii
582 4326 710 4385 Caesaris
726 4337 861 4406 tempore
875 4327 988 4386 vixisse
1007 4326 1095 4384 docet
1109 4324 1223 4384 Snidas.
1257 4326 1299 4383 lle

206 4409 266 4470 viri
275 4409 560 4486 fortunaetscriptis
567 4411 654 4488 plura
662 4411 786 4472 discutit
794 4410 1074 4490 VossiusdeSeript.
1082 4407 1260 4469 Graecislib.
1270 4413 1298 4474 1.

259 4508 356 4578 (ἴσως.
373 4509 511 4578 syncellos.
529 4507 564 4562 Π.
1051 4498 1093 4560 27
