3109 4959
518 445 579 515 ET
602 445 956 514 ANNOTATIONES.
996 443 1002 454 '
1240 433 1318 513 355

214 601 309 664 cuerit
330 597 504 683 quindecim
530 622 696 663 numerare.
738 602 818 663 Solis
842 602 1069 684 quatuordecim
1091 613 1234 666 oneratur
1256 626 1314 666 no-

94 730 96 732 .
212 691 270 748 atri
284 698 384 748 textus
402 704 472 762 ora,
493 688 560 747 aliis
577 687 658 748 haud
675 688 811 747 dublein
826 698 929 749 textus
948 689 1081 750 eiusdem
1095 707 1185 748 sensu
1197 689 1314 751 deside·

211 775 300 849 rutis,
321 773 422 833 indice
434 775 474 831 de
487 773 615 833 librarii
625 775 747 834 delectu
759 775 915 835 Lectorem
930 776 1124 848 admonente,
1146 782 1177 834 et
1189 774 1228 834 ad
1240 795 1316 835 mar.

200 859 309 937 ·ginem
326 857 495 918 desiderata
507 868 699 938 reperturum
716 860 909 919 emundante:
931 860 1042 921 Verum
1060 860 1224 920 obliteratis
1240 859 1316 920 elra-

209 942 376 1003 racteribus
397 952 427 1003 et
450 963 570 1003 corrosa
595 944 767 1004 membrana
791 945 960 1026 potioribus
986 945 1092 1005 oeulos
1119 944 1312 1026 fugientibus,

209 1028 265 1090 vix
277 1028 336 1107 legi
352 1028 514 1108 quidquam
530 1038 648 1109 potest,
669 1040 722 1089 aut
735 1029 824 1090 etiam
837 1030 977 1111 opinione
991 1030 1109 1094 coniici.

295 1139 507 1227 Εὖρεθήσεται
521 1144 540 1212 ό
555 1142 752 1212 Μαθουσᾶλα
763 1142 863 1233 70ps9'.
879 1147 955 1212 ἐτοῖν
966 1141 1164 1230 τελευτήσας]
1184 1146 1233 1206 Ex
1245 1167 1316 1228 pro.

209 1229 297 1311 pria,
320 1240 349 1290 et
364 1231 459 1310 ipsius
473 1230 594 1290 Eusebii
611 1235 768 1303 sententia,
792 1233 878 1293 ducit
893 1254 960 1294 eum
976 1232 1100 1308 Author,
1124 1233 1206 1311 quod
1221 1233 1316 1308 aiunt,

208 1315 243 1376 in
254 1317 477 1375 incommodum
489 1317 645 1392 eiusmodi,
666 1328 746 1379 utre
758 1317 891 1400 propriis
906 1318 995 1378 armis
1009 1319 1159 1378 conficiat.
1202 1315 1316 1376 lutho-

208 1401 252 1462 ria
272 1401 392 1480 opinio,
415 1421 491 1480 quae
512 1403 677 1462 communis
698 1413 759 1475 est,
789 1403 956 1463 blathuaala
978 1403 1103 1483 publico
1122 1399 1213 1461 totius
1235 1400 1316 1461 orbis

208 1486 364 1566 naufragio
387 1485 510 1565 periisse
532 1488 638 1546 statuit
657 1508 736 1546 antro
757 1487 839 1546 vitae
855 1493 927 1553 969.
953 1508 970 1545 a
993 1487 1101 1546 mnndi
1120 1486 1314 1545 incunabulis

208 1572 303 1637 2242.
325 1591 364 1629 ex
381 1590 442 1650 quo
458 1570 617 1630 Eusebium
633 1571 741 1632 diluvii
758 1572 874 1632 cladem
896 1572 999 1631 eodem
1018 1593 1097 1631 asino
1120 1580 1316 1651 reponentem

207 1656 399 1735 paralogismi
424 1655 638 1733 convicturus,
668 1655 836 1716 blatlrusala
860 1677 922 1714 non
945 1657 1045 1736 plures
1070 1660 1142 1721 949.
1163 1656 1249 1714 annis
1267 1654 1314 1714 vi-

207 1740 285 1800 visse
306 1738 366 1801 hoc
383 1749 471 1822 pacto
488 1740 612 1819 colligit.
655 1740 771 1798 lntoriit
783 1737 948 1798 blatlsusale
971 1739 1079 1797 diluvii
1096 1738 1197 1816 aquis,
1218 1740 1244 1797 si
1260 1759 1316 1819 pu.

208 1823 305 1884 blicae
321 1827 388 1885 voci
405 1825 572 1897 credimus,
594 1844 673 1882 arsno
695 1825 791 1891 2242.
808 1835 837 1884 et
853 1823 999 1883 Eusebius
1016 1824 1081 1904 ipse
1098 1827 1226 1882 latetur:
1249 1824 1314 1883 Eu-

207 1910 308 1970 sebius
329 1919 427 1970 tamen
447 1909 557 1968 ducem
574 1910 749 1968 Alricauum
769 1910 801 1968 in
820 1909 974 1990 plerisque
995 1909 1098 1967 laudet
1115 1918 1144 1967 et
1160 1909 1315 1987 nequitur:

206 1995 487 2054 Africanus-eutem
504 1994 615 2055 diluvii
631 2015 730 2052 casum
747 1994 787 2053 ad
804 2015 916 2053 annum
936 1999 1030 2061 2262.
1049 1992 1222 2053 submovet:
1250 1993 1314 2052 Eu-

207 2079 308 2138 sebius
327 2080 437 2158 igitur,
459 2079 523 2138 lixo
538 2079 575 2137 sd
592 2099 704 2138 anuum
724 2079 831 2138 mundi
850 2084 943 2145 2242.
960 2078 1093 2153 diluvio,
1117 2079 1188 2137 totis
1205 2077 1314 2156 viginti

207 2165 311 2239 annia,
335 2165 366 2223 id
382 2174 428 2223 est
441 2165 512 2230 949.
528 2165 734 2241 solummodo,
756 2165 851 2223 vitani
865 2162 1034 2223 Mathusala
1053 2164 1199 2224 minorem
1218 2163 1315 2243 scrip.

206 2249 282 2308 sisse
309 2249 491 2308 declaratur.
534 2250 600 2327 Qua
630 2250 747 2309 ratione
776 2250 967 2330 propulsaret
995 2249 1135 2308 iniuriam
1160 2249 1314 2324 Eusebius,

207 2355 271 2399 non
295 2334 445 2412 ignotum.
490 2337 567 2393 Sane
589 2334 734 2412 Georgio,
762 2355 831 2394 cum
858 2355 895 2393 ex
917 2355 967 2404 ea,
996 2339 1086 2412 quem
1108 2333 1172 2412 ipse
1193 2343 1314 2409 tuetur,

206 2428 273 2478 tum
297 2440 336 2479 ex
360 2421 515 2500 opposita,
546 2439 636 2499 quem
659 2420 847 2480 adversarius
876 2418 1003 2479 sustinet
1025 2417 1185 2498 opinione,
1211 2418 1315 2499 ipsum

207 2504 413 2564 adversarium
430 2505 569 2584 aggredi,
589 2506 752 2566 familiare:
780 2506 862 2586 quod
883 2525 922 2564 an
943 2504 1034 2586 plane
1053 2503 1236 2584 legitimum,
1259 2505 1314 2563 de-

206 2588 295 2649 linire
311 2610 427 2656 vereor,

294 2686 352 2754 Asi
364 2692 541 2772 καὶμᾶλλον
555 2688 595 2754 dr
609 2693 709 2774 crespi
723 2682 808 2771 ρνα’.]
831 2683 906 2769 pvo‘.
919 2689 986 2750 vice
1001 2683 1073 2775 pays.
1085 2687 1313 2755 restituendum.

207 2776 250 2836 ut
269 2777 348 2836 ersim
370 2776 537 2836 Mathusala
558 2782 631 2843 969.
652 2777 739 2834 annis
763 2785 852 2835 natus
874 2775 990 2834 diluvio
1011 2774 1178 2847 interierit,
1209 2775 1315 2834 mundi

207 2862 305 2928 2242.
320 2862 425 2921 debuit
441 2863 526 2941 prius
544 2865 731 2927 ann01273.
751 2861 783 2918 in
801 2862 897 2920 lucem
914 2859 1070 2938 prodiisse.
1112 2857 1218 2916 Enoclr
1240 2880 1313 2918 voro

206 2954 293 3026 pater
307 2946 368 3006 eiua
383 2948 477 3007 solem
490 2948 622 3027 primurn
637 2955 793 3023 aspexerat
811 2967 889 3004 aritio
910 2951 999 3011 1122.
1019 2961 1080 3003 non
1098 2943 1199 3022 potuit
1212 2945 1314 3023 itaque

193 3031 266 3106 salio
280 3051 368 3108 quam
380 3026 542 3099 vitae'151.
558 3030 655 3098 salium
670 3030 837 3089 mathusala
853 3049 1022 3110 procreare.
1053 3029 1182 3088 'sextum
1195 3036 1315 3088 utrum-

207 3134 265 3194 que
277 3116 418 3176 Latirrum
432 3138 467 3174 ao
481 3115 631 3177 Graecum
639 3115 757 3175 Autbor
772 3115 931 3176 conciliat:
954 3135 1019 3188 neo,
1033 3122 1067 3172 ut
1078 3113 1238 3172 Africanus
1253 3114 1313 3172 bla-

207 3199 328 3259 tlrusala
340 3201 433 3259 vitam
447 3222 539 3281 supra
555 3200 706 3260 diluvium
720 3210 871 3278 prorogat,
894 3220 949 3257 nec
963 3197 1173 3256 difficultatem
1188 3198 1219 3254 in
1235 3200 1312 3277 Sep-

206 3287 343 3362 tuaginta
368 3286 568 3367 Interpretum
590 3293 680 3342 textu
700 3293 909 3342 occurrentem
930 3283 969 3340 ad
991 3282 1156 3340 Hebraeum
1179 3281 1313 3341 litteram

173 3393 178 3400 ’
207 3370 351 3448 oont'ugio
369 3371 463 3440 vitat,
484 3371 537 3431 sed
550 3389 609 3449 quo
627 3369 764 3427 foedatus
786 3377 867 3443 erat,
890 3368 1039 3426 Graecum
1057 3375 1176 3425 textum
1198 3387 1313 3446 expur-

206 3464 259 3533 gat
273 3455 390 3517 mendo.
430 3455 497 3517 Hos
509 3454 655 3514 Authoris
668 3463 712 3513 est
726 3453 758 3512 in
773 3454 903 3512 Graecos
916 3451 1103 3511 beneficium.
1148 3448 1207 3523 Qui
1220 3471 1313 3532 porro

206 3539 270 3598 sint
282 3558 430 3598 annorum
446 3538 565 3599 numeri
580 3540 612 3597 in
629 3539 722 3597 altera
742 3559 780 3597 ex
800 3539 895 3597 tribus
913 3539 1020 3616 linguis
1039 3535 1232 3612 integriores,
1260 3535 1314 3594 alii

207 3622 392 3684 discutiunt:
419 3623 496 3683 milri
519 3642 610 3704 penes
630 3623 760 3682 Graecos
788 3623 1026 3682 commendatum
1050 3619 1216 3680 Autborem
1238 3621 1313 3680 red·
1382 3691 1384 3695 ,

208 3709 279 3769 dere
292 3710 332 3768 sit
352 3708 435 3770 artis.
476 3707 574 3769 liuius
591 3707 652 3767 loci
667 3708 841 3767 memoriam
858 3706 970 3767 liabens
988 3704 1206 3766 eruditissimus
1222 3705 1312 3765 Peta-

207 3795 277 3854 vius
293 3795 345 3855 lib.
361 3800 390 3860 9.
406 3795 443 3854 de
464 3795 551 3854 Dori.
567 3792 669 3872 Temp.
686 3813 752 3873 cap.
769 3797 800 3858 8.
819 3794 954 3853 Africani
969 3802 1100 3852 urentem
1116 3791 1312 3869 expositurus

206 3882 320 3940 erroris
333 3880 431 3957 arguit
443 3886 495 3946 70.
510 3877 713 3958 interpretum
727 3889 860 3939 textum:
883 3880 1013 3959 seipsum
1030 3875 1225 3936 nihilominus
1240 3896 1310 3934 con.

206 3965 307 4025 testim
330 3965 485 4040 emendat,
513 3964 566 4024 ubi
589 3964 699 4024 diluvii
719 3986 799 4024 anno
823 3966 916 4030 2242.
936 3961 1130 4041 consignandi
1151 3969 1312 4020 assertores

207 4069 378 4128 germanam
400 4059 430 4108 et
452 4071 470 4108 a
491 4055 543 4114 70.
560 4049 777 4132 Interpretibua
798 4059 976 4130 conceptam
995 4066 1143 4107 asinorum
1166 4066 1313 4104 summam

206 4144 309 4195 tenere
326 4135 519 4215 pronunciet.

293 4254 360 4332 Peg·
376 4260 426 4320 21.
456 4245 553 4328 Οὗτος
566 4245 685 4317 ἅπαντα
697 4253 822 4316 πλείονα
835 4247 970 4335 miron]
991 4250 1076 4310 Hanc
1093 4248 1226 4308 Africani
1244 4267 1311 4306 sen·

205 4337 331 4398 tentiam
346 4340 478 4417 Scaliger
493 4339 620 4398 Eusebio
635 4359 793 4420 perperam
812 4338 941 4419 imputat
956 4357 1021 4418 pag.
1044 4337 1075 4402 4.
1090 4344 1126 4394 ut
1141 4344 1171 4392 et
1183 4353 1310 4413 sequen-

206 4432 280 4484 tem.
301 4423 360 4488 alol
369 4431 450 4507 τρεῖς
461 4422 643 4504 ὄμωνυμὶαι.
