3109 4959
535 425 594 492 ET
616 423 969 494 ANNOTATIONES.
1223 419 1298 490 389

211 591 376 641 trecentum
392 582 480 641 solos·
493 600 532 641 ex
550 580 669 657 Georgii
689 590 830 660 computo
847 579 885 639 ed
905 580 1009 639 mundi
1025 586 1119 646 2677.
1135 581 1298 658 alligandos

211 667 331 724 statuit:
352 667 486 744 adeoque
498 665 561 725 sive
579 671 673 731 2677.
685 665 747 724 sive
761 669 853 732 2782.
866 666 926 724 vita
939 665 1110 740 decesserit,
1133 667 1219 742 longe
1229 668 1296 739 luit,

212 750 263 827 qui
278 751 385 821 mundi
396 752 488 817 2775.
503 751 536 808 in
549 751 650 809 orbem
663 749 836 808 universum
849 759 1023 830 potestatem
1039 762 1198 810 exerceret.
1242 754 1297 807 llo-

170 889 173 893 .
210 854 277 893 mus
303 844 403 893 tamen
429 835 587 912 Georgium
617 835 831 912 repugnantiae
855 836 888 893 in
915 845 1007 893 semet
1036 842 1101 892 turn
1133 835 1201 912 lrie,
1233 845 1297 893 turn

209 938 275 998 pag.
294 921 362 983 115.
379 940 480 994 reum;
503 919 622 977 Latinae
637 938 757 997 quoque
771 939 846 981 cxx.
863 919 1007 979 versionis
1021 917 1183 977 Aetherem
1198 929 1227 977 et
1245 942 1299 996 pro-

209 1013 353 1061 stremuur
367 1004 509 1062 editorem
524 1004 694 1062 oscitantiae
708 1024 892 1079 moneamus,
915 1005 1004 1062 modo
1018 1002 1195 1082 sirplraxad,
1217 1003 1299 1082 quod

211 1087 316 1146 usserit
332 1088 495 1164 Georgius,
517 1089 621 1145 mnndi
639 1090 733 1153 2775.
750 1087 898 1164 attigisse,
920 1091 1000 1147 etad
1022 1107 1088 1144 curn
1107 1089 1188 1146 orbis
1208 1089 1299 1166 irnpe-

209 1172 291 1231 rium
312 1172 481 1250 deposuisse
500 1172 667 1250 probemus.
709 1173 799 1230 Nullo
822 1173 940 1249 negotio
965 1173 997 1231 id
1018 1171 1134 1243 snrnat,
1164 1173 1295 1251 (obstre-
1310 1169 1341 1223 V.
1361 1165 1393 1222 14

211 1264 300 1336 pente
322 1256 393 1313 lieet
414 1255 548 1314 versione
571 1256 675 1313 letina
699 1256 874 1336 trae-vntum)
901 1259 1007 1315 Graeci
1031 1265 1130 1313 textus
1157 1253 1298 1316 editionis
1350 1328 1354 1334 Ι

212 1340 303 1398 Paris.
320 1345 409 1404 1627.
424 1339 533 1398 veritas
547 1360 640 1419 annos
656 1338 815 1417 llrplraxad
830 1351 952 1400 cunctos
964 1341 1034 1406 535.
1050 1340 1202 1416 colligens,
1225 1361 1300 1420 qnae

211 1423 269 1482 liae
282 1443 368 1481 causa
383 1423 460 1482 vitae
472 1425 555 1482 illius
566 1425 725 1483 terminum
741 1424 894 1504 (computo
910 1425 1052 1484 Autboris
1066 1422 1149 1505 utor)
1165 1426 1196 1483 in
1209 1445 1299 1484 mun-

212 1508 243 1566 ‹li
268 1513 361 1572 2777.
382 1517 507 1587 seponat
529 1529 647 1567 necesse
669 1517 728 1565 est:
757 1509 835 1565 idom
861 1511 980 1582 asserit,
1009 1501 1128 1568 Eusebii
1152 1510 1246 1568 codex
1271 1519 1301 1568 et

212 1611 318 1649 rutenus
336 1611 402 1669 pag.
419 1597 468 1660 86.
487 1594 521 1653 l).
543 1593 594 1670 qui
610 1585 771 1670 Arplraxad
787 1591 864 1652 vitae
886 1594 959 1651 alios·
981 1602 1041 1651 tres
1057 1613 1150 1650 annos
1165 1593 1300 1672 superin-

212 1677 303 1753 gerit,
325 1677 445 1753 eiusque
465 1677 594 1735 natalem
612 1677 688 1734 diem
708 1677 802 1740 2244.
827 1687 861 1736 ut
885 1699 937 1736 sno
960 1677 1078 1736 dicetur
1100 1677 1169 1736 loeo
1190 1699 1300 1737 recen-

212 1781 295 1830 sens,
316 1761 512 1820 annemundi
527 1767 618 1828 2782.
637 1761 698 1819 vita
713 1762 848 1819 sunctum
864 1771 997 1821 testatur.

300 1849 363 1906 Τοῦ
376 1866 407 1905 τε
422 1850 542 1908 Καϊνᾶν
557 1842 644 1925 τνη’.]
676 1843 772 1904 Variis
793 1845 831 1902 sd
850 1865 969 1903 irranunr
991 1843 1117 1923 sumptis
1136 1844 1299 1919 codicibus,

212 1938 244 1987 et
266 1927 442 1988 abeuntibus
465 1931 498 1988 in
518 1930 634 1988 diversa
652 1929 905 2006 chronologorum
924 1929 1131 2007 opinionibus,
1151 1929 1250 1988 varios
1266 1949 1301 1987 ea

213 2015 252 2070 de
268 2034 355 2072 eausa
376 2015 456 2072 eirca
478 2016 538 2074 viri
560 2015 689 2073 eiusdem
712 2023 836 2072 aetatem
858 2035 995 2072 numeros
1014 2012 1131 2072 Autlror
1156 2016 1300 2090 Georgius

213 2098 399 2156 observavit:
430 2101 570 2178 quodque
588 2120 726 2178 praesens
746 2099 919 2157 institutum
939 2107 1068 2178 spectat,
1090 2098 1151 2156 lixo
1169 2099 1302 2176 querudu-

213 2201 272 2260 que
288 2183 324 2239 ad
344 2194 456 2241 annum
473 2186 565 2250 2242.
586 2184 745 2276 itrplraxgd
764 2184 857 2242 natali
878 2184 944 2260 die,
967 2192 996 2242 et
1017 2199 1231 2262 nonnunquam
1254 2204 1302 2241 eo·

213 2270 281 2324 dem
297 2266 335 2324 ad
350 2288 462 2326 aurium
481 2270 573 2334 2243.
591 2270 737 2347 seposito,
758 2268 823 2326 eius
840 2279 973 2346 posteros
991 2287 1068 2326 antro
1086 2289 1146 2326 uno
1166 2268 1253 2326 citius
1270 2269 1302 2324 in

213 2351 319 2409 seriem
342 2353 483 2426 advocet,
504 2363 534 2410 et
553 2352 650 2412 altero·
665 2375 744 2412 anno
763 2353 878 2410 tardius
897 2373 982 2431 saepe
997 2362 1138 2413 removet.
1181 2355 1248 2424 Quo
1267 2353 1303 2410 lit

211 2444 248 2492 ut
267 2435 430 2514 rirplraxsd
452 2447 538 2511 ortu,
560 2438 597 2496 sd
615 2459 726 2496 annum
746 2436 827 2495 ltunc
848 2437 884 2494 ab
905 2439 977 2495 orbe
998 2437 1119 2494 condito
1137 2439 1230 2502 2243.
1252 2435 1303 2494 liic

212 2514 372 2596 devincto,
395 2522 497 2580 aetatis
514 2524 583 2586 135.
603 2543 662 2600 quo
680 2524 790 2580 Cainan
805 2522 905 2599 genuit
917 2541 1012 2579 atinus
1026 2520 1130 2578 rnundi
1144 2525 1236 2586 2378.
1248 2542 1303 2577 oc-

213 2613 330 2662 currat:
358 2606 471 2662 Cainan
493 2611 565 2670 130.
586 2627 644 2684 quo
660 2596 725 2664 stis
743 2606 838 2665 lilium
853 2607 999 2686 suscepit,
1022 2605 1127 2664 mundi
1145 2607 1236 2670 2408.
1255 2613 1304 2662 te-

212 2697 333 2764 neotus,
356 2708 390 2745 ac
413 2691 516 2747 rnurrdi
533 2694 650 2749 tandem
669 2695 761 2757 2786.
778 2691 889 2749 Cainan
906 2691 1038 2750 eiusdem
1054 2693 1125 2755 358.
1147 2689 1213 2746 Sola
1230 2693 1301 2753 228.

213 2770 311 2830 lieber
337 2775 387 2837 98.
413 2783 603 2830 numeretur.-
638 2785 722 2850 partc
751 2795 822 2832 vero
845 2797 884 2832 ex
907 2776 963 2831 alia
985 2771 1145 2851 Arplranad
1168 2773 1302 2828 eiusdem

214 2855 309 2934 (quod
325 2856 439 2915 tabulae
453 2867 572 2914 nostrae
585 2856 753 2932 observant)
770 2857 808 2915 ad
823 2859 915 2922 2242.
932 2858 1015 2914 iusta
1032 2864 1204 2932 computum
1220 2855 1303 2914 ntei-

213 2941 281 2997 csni
301 2950 370 2998 ortu
393 2941 504 3018 posito,
535 2942 646 2999 Cainan
662 2943 739 3000 vitae
755 2961 849 2999 atinus
866 2944 938 3006 358·
959 2943 1026 3000 Sela
1048 2943 1123 3007 228.
1138 2939 1237 2999 lleber
1252 2943 1303 3006 98.

212 3023 246 3080 in
261 3025 367 3081 mundi
382 3028 475 3088 2735.
491 3026 643 3084 incurrere
661 3024 893 3106 conspiciantur.
935 3063 939 3072 ·

296 3106 358 3166 Kal
377 3111 432 3166 τοῦ
452 3108 549 3167 olette
567 3111 631 3180 ἔτος
652 3107 701 3188 8,]
731 3112 819 3170 llaud
839 3119 907 3168 ante
924 3108 1033 3168 turrim
1054 3109 1203 3186 inceptem
1223 3128 1302 3166 anno

212 3190 317 3249 mundi
333 3193 424 3256 2737.
439 3191 490 3248 sed
505 3201 573 3248 ante
587 3203 685 3251 natans
699 3195 867 3268 linguarum
883 3195 1052 3251 varietatem
1069 3212 1178 3249 annunt
1196 3191 1304 3250 Plralee

213 3277 244 3340 4.
266 3275 315 3341 vel
334 3276 423 3334 etiam
440 3277 469 3339 5.
486 3275 602 3334 Autlror
619 3277 734 3334 sibimet
757 3278 907 3333 centraria
929 3277 1109 3352 loquuturus
1131 3277 1301 3336 numerabit
1318 3275 1349 3326 P·
1369 3275 1401 3329 15

211 3380 279 3439 pag.
295 3366 346 3426 89.
366 3361 400 3422 l).
418 3361 564 3440 praesenti
580 3362 671 3422 errori
687 3361 878 3420 consentiunt
896 3380 969 3438 quse
984 3360 1022 3418 ad
1043 3379 1108 3440 pag.
1126 3367 1176 3427 46.
1193 3363 1305 3440 margi-

212 3465 284 3504 nem
298 3445 482 3505 scribuntur.
493 3481 498 3491 ·

297 3530 365 3606 Pag·
386 3532 436 3596 43.
465 3533 625 3592 Μανεθῶν
644 3527 661 3591 ὅ
678 3534 739 3592 τῶν
757 3528 957 3612 Αἰγυπτίων]
979 3528 1131 3588 Videndus
1154 3529 1306 3589 Cedrenus

211 3615 281 3674 loeo
301 3625 368 3673 ante
388 3636 475 3673 utram
490 3616 539 3673 vel
554 3616 676 3673 alteram
690 3625 793 3673 notam
812 3615 960 3692 exposito.

298 3701 364 3775 Peg.
386 3701 436 3764 44.
466 3693 660 3779 Ἀλεξάνδρου
684 3702 741 3758 τοῦ
753 3697 995 3780 Πολυΐστορος]
1026 3697 1110 3770 Quae
1134 3697 1303 3758 Alexandro

211 3782 299 3840 velut
314 3783 441 3843 Authori
461 3784 603 3860 Georgius
619 3783 756 3858 ascribit,
785 3783 927 3843 Eusebius
949 3784 985 3842 de
1002 3784 1173 3862 Praeparat.
1191 3784 1302 3860 Evang.

210 3865 263 3925 lili.
278 3871 309 3930 9.
327 3889 392 3948 cap.
405 3870 454 3934 15.
471 3872 563 3927 refert
580 3869 612 3926 in
626 3867 798 3946 losephum:
820 3866 872 3925 hic
887 3869 935 3926 lib.
952 3873 980 3932 1.
999 3867 1144 3945 Antiquit.
1161 3889 1225 3946 cap.
1242 3869 1270 3933 5.
1288 3889 1305 3925 a

211 3950 327 4026 Sibylla
341 3954 439 4030 primo
451 3954 597 4033 prodiisse
611 3962 752 4012 testetur:
774 3952 920 4032 loseplrus
933 3952 1031 4030 itaque
1044 3961 1073 4010 et
1086 3953 1255 4011 Alexander
1267 3971 1306 4011 ex

211 4034 314 4094 eodem
322 4037 454 4114 Sibyllae
466 4040 548 4098 tonte
560 4037 734 4112 hauserunt,
742 4058 814 4114 quae
826 4037 1112 4115 deincepsliusebius
1125 4058 1161 4096 ex
1171 4036 1305 4116 loseplro,

212 4129 242 4179 et
258 4120 403 4195 Georgius
425 4141 464 4178 ex
482 4111 653 4183 Alexandro
667 4124 855 4182 refuderunt.
886 4121 1015 4182 ,Videsis
1031 4122 1151 4182 Eusebii
1172 4143 1238 4202 esp.
1257 4129 1305 4185 17.

213 4211 377 4264 memento
395 4202 482 4262 libro.

298 4283 385 4350 Μετὰ
403 4284 436 4348 δὲ
450 4285 501 4350 τὸν
521 4285 754 4370 κατακλυσμόν]
780 4291 923 4351 Memorat
936 4289 1010 4348 haee
1030 4309 1068 4349 ex
1084 4289 1227 4368 Abydeno
1245 4289 1307 4346 Eu-

210 4374 312 4435 sebius
335 4374 372 4434 de
386 4372 524 4452 Praepsr.
537 4374 651 4454 Evang.
672 4377 724 4436 lib.
744 4383 774 4444 9.
796 4397 862 4457 esp.
882 4377 931 4442 14.
951 4395 1027 4455 quae
1048 4373 1166 4434 nuthet·
1179 4374 1221 4438 ,ab
1238 4373 1307 4432 nte·

284 4475 383 4543 Grorg.
399 4473 536 4540 Syncellus.
556 4473 590 4524 ll.
1060 4459 1101 4526 24
