3109 4959
498 451 833 524 CHRONOGRAPH.
852 451 1010 522 CANON.
1223 440 1301 516 227

236 607 390 659 nauem
405 612 494 672 ungu.
550 611 671 672 nyen-
713 610 835 658 nsm
917 611 996 675 aqu
1009 611 1081 658 ras.
1164 610 1283 670 ote-,se

389 696 505 743 mae
567 683 656 744 W
700 681 849 743 runem
1201 680 1253 728 ⁴0·-

378 774 426 815 ts·
437 762 511 812 leter-

403 834 488 884 salu.

1159 1079 1252 1140 olm.
1263 1084 1302 1133 tt.

269 1248 1252 1316 tteteettttt

203 1392 302 1475 primo
322 1393 361 1454 ad
381 1395 488 1456 mundi
509 1395 777 1474 tentamento,
806 1397 845 1458 sb
867 1415 902 1458 eo
925 1393 1034 1458 deinde
1051 1394 1091 1456 sd
1113 1413 1209 1476 neque
1228 1394 1300 1478 cyri

204 1478 335 1560 primum
349 1487 377 1538 et
391 1479 497 1539 mnndi
509 1484 602 1548 4952.
616 1481 748 1562 quinque
761 1481 870 1542 decutit
885 1479 966 1540 anni.

267 1563 298 1628 5.
322 1561 432 1622 Deinde
450 1585 468 1623 a
489 1563 705 1626 Chaldaeorum
720 1585 822 1644 regum
842 1564 917 1625 serie
942 1573 973 1625 et
988 1563 1075 1624 annia
1096 1562 1136 1622 ad
1155 1583 1250 1625 annos
1269 1571 1301 1626 et
1397 1596 1399 1599 ·

204 1645 309 1705 seriem
323 1647 478 1707 Medorum
494 1649 619 1726 tremit,
640 1659 676 1709 ut
688 1650 774 1731 ptius
791 1668 924 1728 arcgam
938 1648 1013 1709 luda
1028 1648 1067 1707 ad
1084 1645 1299 1708 Clanldseornm

202 1727 298 1789 lineae
312 1731 502 1790 transilierat.
1055 1770 1059 1774 Δ

266 1817 296 1880 6.
317 1813 443 1893 luenper
463 1833 479 1873 s
496 1812 669 1892 Nirigleeari
690 1813 799 1890 tertio,
820 1811 860 1872 sd
878 1811 949 1892 Cyri
965 1811 1098 1891 primum
1118 1811 1177 1871 soli
1195 1811 1298 1873 trade-

203 1895 281 1972 cim,
301 1917 365 1957 non
378 1898 481 1958 decem
500 1908 530 1958 et
545 1907 658 1979 neptem
674 1898 812 1979 Astyagis
831 1916 923 1976 regno
945 1895 1038 1957 debiti
1054 1895 1299 1958 intercluduntur

204 2001 285 2042 anns.

266 2070 296 2130 7.
318 2064 371 2126 nn
385 2065 461 2126 adde
473 2064 581 2126 loacim
594 2085 688 2124 annos
703 2067 731 2130 8.
746 2062 903 2124 lechoniae
918 2081 1029 2130 unum.
1052 2069 1083 2122 et
1093 2061 1231 2123 sedeciae
1247 2068 1297 2132 11.

203 2145 263 2207 hoc
283 2159 328 2209 est
346 2148 470 2230 viginti,
498 2149 704 2210 novemdecim
732 2147 880 2209 duntaxat
905 2145 1183 2208 Nabuchodonosor
1208 2166 1298 2209 coex-

202 2233 304 2307 tendi,
325 2253 360 2292 eo
376 2235 456 2312 quod
475 2231 630 2293 lechoniee
641 2243 703 2293 tres
716 2252 832 2294 menses
848 2233 882 2292 in
900 2249 1013 2292 annum
1034 2238 1188 2313 reputets
1206 2251 1298 2314 prse-

205 2317 331 2376 cessoris
347 2326 400 2376 sat
413 2318 593 2378 successoris
605 2317 792 2399 temporibus
807 2317 989 2378 distinctum.

268 2405 298 2466 8.
317 2399 429 2462 Ioacim
450 2421 546 2462 annue
565 2403 598 2468 4.
621 2402 674 2483 qni
693 2401 877 2484 captivitatis
895 2410 940 2462 est
955 2400 1074 2483 primus
1094 2399 1227 2460 cernitur
1244 2398 1298 2461 hio

203 2502 282 2543 anne
300 2486 405 2544 mundi
429 2486 524 2553 4887.
543 2485 738 2566 coniunctus,
760 2486 816 2568 qui
830 2486 963 2569 primum
975 2483 1252 2547 Nabuchodonosor
1265 2493 1297 2546 et

202 2567 308 2627 mundi
322 2570 414 2636 4883.
431 2571 528 2631 socios
546 2573 683 2652 requirit.

232 2651 446 2796 bulil'eanaerosse
473 2655 643 2718 istiusmodi
663 2675 801 2724 errorum
819 2653 937 2717 illuviei
951 2652 1124 2717 emendatae
1137 2651 1296 2716 medentur

201 2743 233 2794 te
306 2756 333 2800 c.

867 2975 1002 3026 tonnu-

289 4389 641 4460 cetae
763 4372 1259 4456 1026'4
