3109 4959
525 445 586 512 ET
606 443 957 515 ANNOTATIONES.
1214 439 1290 510 899

201 596 347 685 iedesqoo
359 595 516 704 ἐπορεύετο
525 596 580 674 τοὶς
592 597 669 683 πρδς
683 594 832 675 inmotis
844 595 944 674 πόλεις
957 599 1010 664 καὶ
1023 592 1123 683 χώρας
1133 620 1289 686 coenosos·

201 683 341 768 ρόμενος.
369 707 482 767 γρονον
497 708 528 748 τε
543 686 653 749 ἱκανοῦ
666 679 842 768 γεγονότος,
859 679 983 765 'eloquio
997 683 1017 749 o‘
1032 684 1244 763 παταλειφθελς
1257 687 1292 752 ie

201 765 346 857 Αἰγύπτῳ
360 763 461 833 πάντα
473 766 641 851 τοῦμπαλιν
655 765 702 845 οἷς
714 763 843 847 ἆιλελφιλς
858 764 989 855 παρῄνει
1005 767 1046 849 μή
1060 776 1174 853 ποιεῖν,
1194 765 1293 846 sibene

202 857 351 938 ἔπρεπεν.
370 853 421 918 καλ
436 852 493 939 γοὶρ
508 851 566 935 τήν
579 857 719 936 βασιλίδα
730 856 837 935 βιαίως
848 854 945 955 ἔργον,
966 854 1017 917 sai
1028 863 1093 929 ταῖς
1103 852 1207 930 ἄλλοις
1219 861 1293 918 πολ-

201 941 300 1004 inuios
323 934 456 1018 οἷφειδοῖς
478 938 599 1003 διετέλει
613 934 773 1021 γροὶμενος.
794 946 977 1020 πειθομενος
995 936 1028 1002 δὲ
1042 936 1174 1002 inienio
1195 943 1294 1019 olins

202 1019 335 1105 διάδημα
352 1020 469 1106 ἐφόρει,
490 1023 542 1088 παλ
558 1019 668 1128 iisqne
688 1029 728 1110 τῷ
747 1019 880 1110 οἷδελφῷ.
907 1021 971 1088 ibi
984 1023 1157 1104 τεταγμένος
1169 1024 1219 1088 ten
1234 1030 1296 1088 τῶν
1337 1067 1341 1077 .

203 1111 293 1188 ῑιρνῖν
306 1113 361 1212 τῆς
375 1104 547 1191 Αἰγύπτου,
571 1123 694 1212 γροψνς
714 1111 833 1190 βιβλίον
850 1109 965 1213 ἔτερψε
978 1112 1023 1193 τῷ
1039 1102 1178 1170 &brion
1189 1111 1296 1210 γληλεόν

201 1189 283 1279 αὐτῷ
300 1216 414 1269 παντο,
434 1193 485 1256 eoi
500 1187 547 1256 iim
560 1197 691 1297 οντγῖριν
704 1191 721 1259 o‘
734 1189 862 1271 οἷδελφὸς
874 1197 968 1256 αυτοῦ
980 1187 1101 1275 Ἀρριαῒς
1115 1215 1296 1276 πνραγρημιι

201 1270 455 1361 οὖνιλπέοτριψεν
471 1273 718 1356 ελςΠηλονοιον,
736 1278 787 1340 καλ
800 1272 961 1359 ἐκράτησεν
975 1280 1030 1359 τῆς
1046 1277 1126 1351 totae
1134 1279 1296 1358 βασιλείας.

200 1362 225 1446 ἦ
237 1359 270 1426 bb
283 1359 364 1444 γοὶρα
376 1354 492 1442 λιιλιὶθη
507 1356 566 1426 inb
578 1366 633 1426 τοῦ
646 1357 741 1426 sisoi
756 1358 905 1444 ὀνόματος
917 1362 1077 1446 Αἴγυπτος.
1104 1359 1182 1446 λέγει
1196 1359 1230 1426 δὲ
1248 1357 1296 1426 ὅτι

201 1449 221 1514 ὁ
234 1445 290 1528 pir
302 1447 439 1522 Σέθοιοις
452 1445 584 1510 λιαλεῑτο
598 1447 760 1529 Αἴγυπτος.
781 1440 903 1531 Ἀρριοῒς
915 1445 949 1511 δὲ
962 1446 982 1510 6
993 1440 1123 1525 ε’δελφός
1134 1441 1296 1511 οιῖτοῦΔοι·

199 1526 283 1608 νοός.
326 1531 390 1592 Sub
404 1551 554 1614 regenero
571 1535 623 1591 cui
636 1553 742 1592 nornen
757 1544 822 1594 erat
834 1529 1173 1612 AEispnragmuttoeis,
1194 1534 1293 1591 victos

200 1617 278 1677 dicit
291 1619 449 1693 Ροιιοτιε,
472 1615 522 1698 (de
536 1617 645 1696 quibus
656 1637 746 1700 snpra
758 1622 886 1699 pag-61·
901 1617 932 1679 C.
950 1624 980 1674 st
994 1612 1041 1696 D.)
1063 1627 1091 1675 et
1106 1615 1205 1675 aliam
1220 1619 1294 1697 qui-

201 1701 268 1761 dem
290 1703 462 1762 uniuersam
477 1701 649 1782 Aegqptum
664 1700 852 1783 perdidisse.-
874 1701 1009 1759 inclusos
1024 1712 1128 1760 autem
1143 1703 1177 1760 in
1192 1702 1294 1760 Iocum

200 1787 355 1846 habentem
374 1806 548 1864 mensuram
572 1790 715 1866 iugerum
736 1783 833 1844 decem
852 1786 1004 1859 millium,
1026 1788 1080 1863 cui
1100 1786 1166 1845 loco
1186 1805 1295 1845 nonsen

199 1881 243 1931 est
257 1871 391 1932 Avaris:
413 1869 531 1929 Filium
543 1891 612 1930 vero
622 1869 965 1951 Alispleragmutioseos
980 1868 1186 1930 mammeam
1200 1889 1294 1929 oona·

200 1967 265 2016 tum
283 1977 332 2014 eos
348 1957 383 2013 ui
400 1951 581 2035 espugnare.
626 1953 704 2015 Cum
723 1976 791 2016 vero
813 1953 967 2016 obsidium
978 1951 1178 2032 desperasset,
1192 1963 1293 2035 pacta

200 2061 270 2100 curn
283 2042 327 2099 eis
334 2042 466 2116 secisse,
488 2049 523 2098 ut
544 2037 717 2120 Aegqptum
735 2041 953 2120 relinquentes,
974 2059 1033 2118 quo
1049 2039 1158 2100 vellent
1173 2039 1293 2098 innoxii

200 2146 301 2184 omnes
320 2124 448 2184 abirent.
488 2123 532 2182 Et
548 2134 720 2204 postquam
737 2145 875 2201 egressus
889 2134 933 2182 est
950 2144 983 2180 ex
1000 2128 1139 2204 Aegypto
1152 2123 1295 2203 populus

199 2213 367 2270 Pastorum
382 2208 635 2286 Hierosolymam,
648 2208 791 2288 expulsor
805 2229 908 2267 eorum
920 2229 971 2267 rex
988 2207 1173 2266 tbeelimoeis
1184 2229 1295 2290 regno·

198 2297 243 2356 tit
253 2305 327 2376 post
340 2293 416 2352 isaeo
429 2294 522 2351 aruris
535 2295 648 2372 viginti
659 2289 795 2373 quinque
810 2304 838 2351 et
857 2291 1009 2352 mensibus
1023 2303 1175 2372 quatuor,
1196 2303 1225 2359 et
1241 2290 1295 2352 dev

191 2381 328 2460 functus
344 2389 395 2441 est.
438 2379 616 2456 Assumpsit
629 2398 757 2458 regnum
766 2379 862 2458 filius
879 2376 1014 2440 Cleebron
1032 2379 1125 2437 annis
1137 2374 1296 2441 tredecims

192 2475 368 2545 postquem
382 2457 569 2541 Amenoplris
590 2464 704 2543 uiginti
722 2475 750 2521 et
766 2462 920 2522 mensibus
930 2471 1059 2542 septem:
1079 2462 1176 2521 leuius
1191 2472 1295 2522 autem

198 2571 285 2608 soror
304 2548 445 2608 Amesses
471 2548 564 2606 annis
583 2553 635 2614 21.
667 2557 694 2606 et
722 2548 882 2612 mensibus.
907 2553 936 2616 9.
962 2547 1102 2626 Meplsres
1124 2551 1294 2612 autem12.

198 2631 512 2715 Mispleragmutbosis
530 2634 583 2698 26.
607 2643 635 2690 et
655 2633 817 2695 mensibus.
839 2639 892 2702 10,
920 2629 1057 2695 Tiristasis
1083 2642 1188 2690 autem
1208 2634 1238 2697 9.
1265 2639 1295 2688 et

199 2715 352 2776 mensibus
372 2722 402 2784 8.
426 2714 614 2795 Aneenopleis
636 2728 739 2776 autem
758 2721 810 2784 30.
837 2729 865 2775 et
885 2715 1038 2773 rotensibus
1053 2720 1100 2780 10.
1127 2715 1210 2774 Orus
1222 2734 1294 2772 vero
1397 2787 1402 2794 .

199 2805 252 2867 86.
273 2811 301 2858 et
318 2798 472 2858 mensibus
487 2801 518 2866 6.
554 2801 662 2858 Huius
680 2811 783 2857 nutem
795 2800 874 2878 filia
895 2798 1064 2858 Acenolsres
1082 2801 1174 2856 annis
1195 2803 1249 2865 12..
1265 2808 1294 2857 et

199 2905 297 2943 mense
311 2904 380 2942 uno.
422 2883 533 2942 Huius
541 2882 645 2959 frater
659 2884 809 2941 Rutbosis
822 2884 913 2942 annis
927 2888 956 2950 9.
982 2882 1187 2942 Acleenclseres
1202 2885 1293 2941 arenis

200 2976 251 3036 12.
266 2979 293 3028 et
308 2965 461 3029 mensibus
474 2967 505 3032 6.
526 2964 731 3026 Achenclseres
744 2969 882 3034 selter12.
894 2978 922 3026 et
935 2966 1097 3028 mensibus.
1118 2971 1149 3034 3.
1163 2965 1293 3027 Ανοιαίι

197 3073 267 3115 oero
282 3053 313 3119 4.
336 3063 364 3110 et
377 3071 476 3109 mense
492 3070 563 3114 uno.
586 3052 728 3110 Hamesis
739 3064 840 3111 autem
851 3073 911 3110 uuo
925 3062 953 3110 et
966 3053 1119 3112 mensibus
1134 3052 1165 3118 1.
1184 3051 1292 3112 Arme-

197 3133 383 3203 sesrniamun
405 3140 456 3202 66.
479 3145 509 3192 et
528 3135 681 3196 mensibus
700 3142 730 3214 2.
758 3139 944 3217 Amnropbis
967 3140 1016 3210 19.
1040 3148 1068 3195 et
1087 3135 1241 3195 mensibus
1257 3140 1290 3202 6.

198 3221 332 3282 Sctlsosis
347 3230 451 3280 autem
463 3230 610 3298 equestres
625 3231 653 3278 et
665 3221 793 3280 navales
804 3225 910 3301 oopias
922 3220 1037 3278 liabens
1041 3263 1051 3296 ,
1062 3222 1200 3296 fratrem
1217 3221 1292 3298 qui·

198 3305 267 3365 dem
286 3305 432 3364 Armae'm
446 3314 679 3383 procuratorem
706 3307 842 3384 Aegypti
868 3307 1041 3378 constituit,
1070 3314 1100 3362 et
1121 3323 1238 3363 omnem
1263 3307 1293 3362 es'

198 3391 298 3450 aliam
313 3390 446 3469 regalem
458 3387 566 3444 tribuit
574 3398 773 3465 potestatem,
795 3397 918 3445 tantum
935 3384 1108 3447 diademate
1121 3390 1170 3448 uti
1179 3387 1294 3468 proici·

197 3474 281 3550 buit,
304 3485 333 3532 et
356 3493 394 3530 ne
418 3471 557 3550 reginam
573 3481 699 3530 matrem
718 3471 884 3530 liberorum
900 3473 1093 3552 opprimeret,
1119 3475 1291 3554 imperavit,

197 3570 226 3620 et
243 3569 279 3619 ut
292 3557 455 3617 abstineret
471 3557 562 3613 etiam
581 3554 621 3613 ab
642 3555 717 3614 aliis
730 3555 887 3636 regalibus
905 3555 1091 3619 coricubinis.
1133 3558 1203 3639 Ipse
1221 3577 1291 3618 vero

197 3641 244 3704 ad
261 3643 395 3724 (bprum
409 3651 437 3700 et
449 3639 641 3710 Phoenicem,
663 3650 691 3698 st
704 3661 829 3699 rursum
845 3652 950 3702 oerntro
963 3640 1110 3722 Assyrios
1122 3652 1217 3722 atque
1227 3643 1293 3702 Me.

197 3728 257 3788 dos
275 3740 378 3788 eastra
397 3735 543 3803 metatus,
567 3727 722 3784 universos
743 3723 883 3806 quidem,
903 3727 985 3786 ulios
995 3729 1104 3805 serra,
1126 3728 1207 3786 alios
1227 3729 1293 3787 sine

198 3813 274 3872 bello
287 3824 396 3872 terrore
410 3823 541 3890 magnae
554 3813 682 3872 uirtutis
696 3809 816 3870 sibimet
834 3811 1022 3892 subiugavit.
1065 3815 1129 3872 His
1148 3832 1217 3872 vero
1232 3813 1290 3889 ss-

198 3897 372 3956 licitatibue
385 3898 535 3956 invitatus
548 3895 695 3954 sies-atius
708 3894 871 3974 incedebat,
884 3898 1063 3957 ¹Orientales
1074 3897 1163 3956 urbes
1173 3917 1215 3970 ⁴nc
1220 3915 1293 3976 pro.

197 3984 319 4040 vincias
331 3978 526 4040 subvertendo
532 4001 544 4054 ,⁰
566 3981 723 4061 multoque
738 3983 867 4063 tempori
876 3979 1054 4062 procedente
1068 3981 1214 4056 Acmon,
1236 3986 1293 4060 qui

198 4068 233 4124 in
240 4068 319 4144 Aegi
320 4077 378 4147 pto
384 4068 495 4142 suerat
508 4065 647 4143 relictus,
666 4068 770 4125 omnia
786 4079 899 4129 contra.
908 4087 1001 4148 quam
1006 4069 1114 4143 frater
1126 4085 1215 4144 agere
1227 4084 1292 4122 mo-

197 4161 326 4227 nuerat,
346 4153 412 4208 sine
433 4151 540 4209 timore
545 4150 699 4228 jaciebat.
744 4153 828 4212 Nam
841 4163 870 4211 et
890 4156 1029 4234 reginam
1043 4149 1187 4209 uiolenter
1203 4170 1293 4208 cone-

191 4237 325 4316 pressit,
346 4244 374 4292 et
396 4236 472 4293 aliis
496 4237 671 4296 concubinis
689 4239 756 4296 sine
773 4241 929 4318 parcitate
955 4238 1069 4316 iugiter
1090 4233 1292 4300 miscebaturs

191 4339 421 4403 percussusque
436 4319 477 4378 ab
494 4322 605 4379 amicis
626 4332 654 4380 st
673 4319 846 4382 diademate
863 4322 1021 4397 utebatur,
1042 4330 1071 4377 et
1084 4322 1186 4397 fratri
1199 4319 1292 4379 rebel·

196 4405 295 4468 labat.
320 4406 488 4467 Sacrorum
500 4415 605 4466 autem
619 4409 745 4474 uirtutes
758 4407 917 4470 codicillos
929 4406 1049 4468 Setlsosi
1063 4407 1159 4486 misit,
1179 4415 1292 4468 curedo
