3109 4959
281 444 358 521 aaa
659 457 1004 561 asmnnfflonns

281 634 354 676 snae
366 613 505 675 restituta
515 614 664 693 libertati,
685 616 765 675 Iulio
779 616 900 677 Caesare
911 618 1063 679 Dictatore
1078 622 1279 700 proclamato,
1300 641 1372 683 suos

281 720 375 763 annos
396 702 535 783 deinceps
550 712 712 781 cooperunt
730 702 793 761 eius
811 702 892 763 cives
905 701 1073 785 numerare)
1094 706 1282 785 Olympiadis
1298 712 1372 780 182.

282 810 361 849 anrso
370 798 497 867 quarto,
519 796 587 845 ante
603 786 753 846 Christum
765 797 873 847 octavo
886 807 977 867 supra
991 791 1263 867 quadragesimum,
1284 801 1315 849 et
1334 801 1373 850 ut

280 872 397 933 Autbor
413 872 557 950 Georgius
572 873 610 930 ad
624 892 693 931 suos
705 881 826 953 putaret
840 873 971 931 calculos
983 874 1088 931 mundi
1102 877 1194 940 5453.
1212 873 1372 935 inchoasse

281 958 435 1017 doctrinae
454 968 621 1036 temporum
643 957 803 1037 scriptores
826 958 996 1037 praecipui,
1017 958 1146 1017 maxime
1167 960 1220 1037 qui
1237 960 1373 1037 Scalige-

280 1063 347 1103 rum
365 1042 417 1100 lib.
438 1045 471 1107 3.
492 1042 564 1118 lsag.
588 1044 661 1100 Cau.
682 1062 748 1121 pag.
770 1045 842 1107 295.
865 1043 969 1101 ducem
994 1052 1177 1121 sequuntur,
1203 1045 1373 1102 communi·

281 1136 328 1185 ter
345 1127 486 1201 tradunt,
508 1136 543 1185 ut
556 1128 639 1186 testis
657 1138 703 1185 est
721 1127 774 1205 qui
791 1128 971 1185 cerrtrariam
988 1127 1046 1184 init
1069 1128 1244 1185 seutentiam
1263 1128 1373 1186 erudi-

281 1220 329 1271 tus
344 1211 482 1270 Petavrus
502 1212 555 1273 lib.
572 1217 619 1277 10.
635 1222 699 1270 toto
721 1232 788 1291 cap.
806 1217 856 1277 62.
883 1212 1015 1272 Huiusce
1032 1232 1116 1271 aerae
1132 1213 1168 1270 ab
1186 1212 1372 1271 Antiochen·

281 1296 362 1355 sibus
379 1306 538 1375 usurpatae
555 1307 679 1393 quartus
699 1316 790 1373 supra
807 1297 983 1373 vigesimum
998 1298 1184 1393 completus,
1205 1318 1258 1355 scu
1271 1298 1372 1383 potius

281 1381 405 1459 quintus
424 1402 459 1439 uc
482 1380 639 1458 vigesimus
660 1382 692 1439 in
716 1381 901 1461 Olympiadis
922 1387 990 1447 189.
1011 1402 1121 1439 ιιιιιιιιιιι
1136 1382 1282 1459 primunr,
1304 1390 1372 1440 aute

281 1464 432 1525 Christum
445 1468 495 1530 23.
512 1475 541 1524 et
559 1467 595 1523 od
613 1467 731 1543 Georgii
745 1465 841 1525 nostri
860 1475 1033 1544 consputum
1045 1466 1077 1525 in
1078 1465 1196 1525 mundi
1208 1466 1327 1532 5478.
1317 1485 1373 1523 ιιι-

281 1551 384 1609 currit.
428 1550 520 1608 Iidem
534 1571 625 1629 porro
641 1560 809 1631 temporum
826 1571 860 1609 ac
874 1551 1057 1610 diversarum
1070 1552 1221 1610 rationum
1240 1551 1373 1611 calculos

277 1644 408 1694 tractare
418 1634 499 1693 soliti
514 1636 674 1714 scriptores
689 1637 760 1694 anni
772 1636 944 1715 Aegyptiaci
958 1636 1139 1715 principium
1160 1634 1210 1715 (de
1228 1656 1288 1714 quo
1302 1635 1373 1694 bre-

278 1712 358 1779 viter
379 1721 523 1779 nonnulla
544 1731 681 1779 notarum
703 1722 827 1780 istarum
850 1741 917 1801 pag.
940 1726 967 1785 1.
989 1727 1018 1787 6.
1040 1731 1071 1779 et
1092 1724 1143 1786 13.
1165 1718 1373 1799 delibavimus)

278 1803 312 1863 in
335 1814 449 1864 certum
473 1805 544 1863 enni
564 1806 659 1864 nostri
677 1807 784 1865 luliani
805 1806 883 1866 diem
895 1815 963 1864 ante
975 1826 1105 1885 pugnam
1120 1805 1273 1864 Actiacam
1292 1806 1373 1864 inci·

279 1888 357 1950 disse
375 1900 502 1967 negant5
531 1890 615 1949 nulio
635 1892 745 1971 quippe
767 1891 939 1950 intercalari
961 1893 1041 1971 apud
1063 1890 1222 1970 Aegyptios
1239 1900 1372 1969 recepto,

280 1994 391 2033 ιιιιιιιιιιι
414 1975 475 2032 illis
497 1975 640 2033 usitatum
654 1996 713 2034 uno
730 1976 777 2035 die
793 1976 943 2035 lulianum
958 1985 1139 2035 antevertere
1161 1996 1279 2034 necesse
1298 1975 1372 2035 tait:

181 2064 214 2117 P.
230 2062 265 2118 75
282 2060 404 2137 eiusque
416 2059 541 2118 subinde
556 2060 686 2139 primum
702 2060 797 2136 diem,
818 2082 922 2138 vagam
934 2080 1050 2140 semper
1065 2071 1094 2119 ct
1107 2061 1252 2119 incertam
1272 2060 1305 2118 in
1319 2080 1373 2118 an-

278 2164 318 2202 no
333 2144 446 2203 iuliano
461 2146 560 2204 sedem
575 2144 718 2205 habuisse.
755 2146 891 2225 Aegypto
904 2166 976 2203 vero
991 2154 1060 2224 post
1076 2144 1228 2204 Actiacam
1245 2164 1374 2225 pugnam

278 2228 406 2303 domita,
427 2230 625 2308 Romanisque
641 2232 755 2307 legibus
771 2252 806 2289 ac
822 2230 966 2289 institutis
981 2231 1115 2307 subdita,
1138 2231 1205 2308 vagi
1221 2230 1305 2289 iliius
1318 2250 1373 2288 sn·

276 2313 310 2373 ni
325 2313 374 2371 lex
389 2313 478 2372 simui
496 2316 635 2390 abrogata
652 2324 712 2390 est,
734 2325 764 2373 et
780 2314 919 2391 alterius,
939 2316 1025 2373 cuius
1045 2315 1125 2374 fixus
1148 2317 1227 2374 soret
1241 2315 1274 2373 iu
1291 2334 1372 2374 anno

276 2398 394 2456 Iuliano
410 2398 525 2477 primus
537 2398 638 2476 liures,
659 2400 844 2479 cousuetudp
859 2399 996 2459 admissa.
1025 2400 1121 2459 Gessit
1136 2400 1257 2459 Actiaca
1272 2401 1370 2461 victo·

276 2482 323 2543 ria
347 2484 462 2541 Caesari
488 2484 638 2559 Augusto,
667 2493 758 2563 prout
780 2485 957 2559 As,ricanus
979 2486 1066 2544 cuius
1085 2484 1159 2544 haec
1180 2486 1271 2545 verba
1290 2493 1371 2562 sunt,

277 2576 384 2647 putat,
409 2568 594 2647 Olympiadis
611 2563 680 2633 187.
696 2589 774 2628 anno
790 2572 819 2634 4
835 2579 903 2627 ante
917 2528 1027 2629 Christi
1046 2572 1174 2630 natalem
1192 2588 1303 2629 aunum
1318 2572 1370 2634 28·

275 2653 379 2711 mundi
394 2653 486 2718 5472.
505 2673 563 2729 quo
577 2654 696 2711 erratici
712 2675 783 2713 arans
775 2652 916 2729 Thoth,
938 2655 1001 2713 sive
1022 2655 1221 2751 principium,
1244 2652 1371 2730 Augusti

274 2738 385 2795 mensis
400 2738 477 2794 diem
493 2743 543 2801 29.
559 2739 732 2835 occupabat.
774 2740 853 2798 Exin
874 2702 1030 2817 utiiusque
1053 2739 1204 2802 annidies
1225 2737 1317 2811 certi,
1340 2744 1371 2795 et

274 2820 380 2880 iisdem
399 2822 504 2917 spatiis
517 2842 532 2878 ιι
547 2842 576 2881 sc
590 2823 717 2883 invicem
734 2824 846 2898 dissiti,
873 2825 933 2883 labi
953 2832 1124 2903 coeperunt.
1165 2820 1372 2880 verumenim-

275 2925 366 2979 vero,
387 2905 493 2964 vitiosa
507 2905 614 2964 Iuliani
629 2928 699 2965 annr
693 2908 911 2987 dispositione
925 2906 1099 2967 eradicetis
1115 2905 1291 2987 quibusdam
1305 2906 1371 2964 die·

276 2988 333 3049 bus
347 2989 573 3049 intercalaribus
591 2992 749 3071 superfluis
764 2993 943 3070 Aegyptium
957 3014 973 3050 a
987 2994 1129 3051 suendoso
1145 2992 1261 3051 luliano
1276 3011 1372 3050 exor-

275 3074 370 3133 bitare
385 3084 523 3150 cogente,
546 3076 648 3135 eodem
664 3076 780 3135 Iuliano
797 3077 987 3155 postmodum
1002 3078 1162 3155 castigato,
1184 3087 1214 3136 et
1232 3073 1373 3156 Aegyptii

276 3159 376 3217 'lboth
394 3160 431 3217 ad
446 3159 553 3217 mensis
570 3160 694 3235 Augusti
708 3168 759 3227 29.
776 3163 869 3230 diem,
893 3182 974 3241 quo,
996 3162 1120 3221 subacta
1133 3164 1282 3241 Aegypto,
1300 3160 1372 3258 pri-

276 3263 358 3302 nrum
382 3254 519 3319 steterat,
557 3256 719 3324 revocato,
751 3268 786 3305 ac
813 3247 932 3307 demum
959 3257 1081 3326 recepto
1107 3246 1147 3305 ad
1175 3241 1370 3305 accuratioris

276 3330 482 3388 Astronorniao
493 3329 609 3407 regulas
623 3330 792 3390 intercal'
750 3354 794 3391 aur
811 3332 992 3407 die,s1xum
1007 3332 1147 3411 deinceps
1162 3341 1193 3389 ct
1213 3333 1369 3389 immotum

275 3432 391 3493 prunus
406 3434 514 3472 mensis
531 3417 708 3494 Aegyptius,
733 3418 783 3475 cui
803 3380 903 3476 'siroih
922 3438 1045 3493 nemen,
1068 3422 1120 3484 29.
1144 3413 1370 3493 Augustipriu-

276 3497 392 3577 cipiunt
413 3498 553 3560 obtinuit.
598 3501 761 3559 Perfectum
781 3501 864 3560 illam
881 3511 912 3561 et
931 3463 1095 3562 absoluiam
1117 3500 1275 3576 utriusque
1298 3494 1369 3553 anui

274 3580 496 3661 reparationem
525 3594 670 3641 memorat
698 3586 857 3645 Africanus
884 3587 1052 3645 institutam
1079 3582 1266 3663 Olympiadis
1297 3584 1369 3645 189

275 3687 354 3725 arsuo
379 3666 486 3745 primo.
529 3657 571 3743 ἦν
589 3660 751 3747 Ὀλυμπιὰς
773 3666 855 3748 ρπθ’.
876 3690 936 3746 quo
952 3670 1109 3767 superfluis
1127 3667 1245 3725 duobus
1263 3664 1369 3724 diebus

274 3750 502 3810 intercalaribus
524 3748 664 3826 sublatis,
694 3751 821 3830 reliqui,
851 3762 885 3811 ut
912 3755 1074 3833 composito
1101 3750 1242 3831 deinceps
1264 3748 1370 3809 ordine

274 3836 481 3917 procederent,
496 3843 567 3893 sunt
581 3796 755 3931 instaiurati5
778 3856 838 3913 quo
852 3836 955 3895 eodem
968 3857 1051 3897 aerae
1064 3833 1268 3895 Antiochense
1280 3854 1369 3913 quar-

272 3932 323 3979 tus
337 3922 385 3981 vcl
398 3922 518 4001 quintus
535 3938 626 3998 supra
640 3919 815 3998 vigesimum
836 3922 1001 4001 completus
1022 3922 1249 3997 numerabatur,
1270 3920 1369 3978 idem-

273 4026 332 4085 que
349 4004 574 4066 intercalatione
590 4005 668 4063 iacta
684 4006 866 4085 conspicuus
887 4016 965 4082 erat,
988 4017 1017 4066 et
1036 4006 1199 4066 bissextilis
1218 4004 1368 4084 audiebat,

273 4086 340 4168 ἥτις
359 4089 418 4172 arad
440 4086 474 4162 ς’.
499 4091 670 4151 Καλανδῶν
691 4092 841 4170 Μαρτίων
861 4089 937 4152 nord
955 4090 1113 4172 Ἀντιοχεῖς
1133 4087 1188 4154 st.
1210 4089 1309 4171 ἤχθη·
1332 4107 1369 4148 ac

275 4176 396 4235 tandem
410 4197 461 4255 qur
452 4174 610 4233 *effraenis
626 4184 655 4235 et
666 4175 798 4253 absque'
789 4196 859 4253 sugo
871 4176 1025 4237 incedebat
1038 4178 1256 4276 Aegyptiorum
1271 4192 1368 4233 aursus

275 4256 371 4318 fixum
386 4269 553 4340 statumque
565 4260 659 4369 diem,
681 4281 741 4338 quo
764 4259 912 4320 desineret
927 4270 959 4326 et
970 4273 1184 4339 renovaretur,
1204 4262 1238 4321 in
1252 4260 1368 4326 Iuliano

276 4351 322 4401 est
341 4356 531 4423 assequutus.
554 4336 634 4408 δι’
612 4368 651 4425 ης
665 4344 714 4408 ἐπὶ
731 4349 798 4407 coin
798 4343 856 4428 ὅρί
857 4369 899 4407 ων
919 4344 1172 4426 translucentia.
1215 4344 1369 4407 videnda·

275 4423 328 4487 bic
341 4430 477 4491 Petavius
493 4430 546 4491 lib.
561 4434 611 4498 10.
626 4430 664 4492 de
678 4432 765 4497 Doct.
777 4414 879 4513 semp.
895 4451 960 4513 cap.
952 4439 1027 4501 .71.
1069 4435 1161 4511 Quod
1181 4432 1312 4511 Scaliger
1330 4429 1369 4489 da
