3109 4959
543 447 976 523 Enetttto'runouss.
1232 441 1309 522 ⁸67

214 614 452 688 componuntur,
474 603 612 670 dismas
624 617 670 670 ert
682 608 825 687 omuino,
845 628 934 690 qoem
945 605 1065 670 Author
1079 607 1132 671 hic
1149 611 1266 694 profert
1277 621 1310 672 et

211 693 337 752 solerter
351 691 493 772 explicet,
515 712 660 775 quemque
671 694 711 754 ed
720 694 937 756 Hebrsieorum
948 693 1095 758 triensium
1108 706 1255 758 servitem
1270 695 1307 756 sb

212 797 247 836 eo
262 777 397 835 normani
412 775 532 838 brevius
547 778 580 838 in
592 777 723 841 medium
737 779 863 840 adduco.
898 779 1044 840 [isseretio
1061 781 1138 840 coeli
1150 780 1309 843 cstomctie

210 879 266 942 per
279 860 441 922 continuos
452 863 647 943 quodraginta
660 865 724 925 dies
739 887 756 924 s
771 864 843 924 stati
858 870 911 931 20.
931 865 982 925 die
996 863 1151 925 Dominico
1166 866 1252 927 litere
1266 865 1306 929 G.

210 955 331 1022 notato,
351 946 391 1006 'ed
404 947 483 1008 Iunii
496 951 547 1016 28.
562 949 691 1030 copiosis
704 950 849 1010 imbribus
860 949 1005 1010 inundate
1021 959 1065 1010 est
1078 958 1167 1013 terre.
1208 953 1308 1012 Facto

209 1040 255 1090 ert
270 1031 385 1110 pluvie
405 1053 497 1112 cuper
519 1032 632 1094 terram
649 1035 701 1101 40.
720 1033 827 1094 diebus
847 1044 876 1094 et
896 1035 948 1102 40.
969 1036 1116 1100 noctibus.
1152 1037 1258 1096 Genes.
1273 1041 1308 1106 1.

209 1133 241 1177 v.
255 1119 314 1201 12.
347 1116 480 1194 Exinde,
507 1138 583 1198 quse
596 1119 739 1180 Authoris
752 1125 837 1180 mens
855 1129 899 1180 eet
914 1120 1052 1201 proprio,
1075 1129 1195 1179 centum
1208 1129 1239 1180 et
1253 1119 1308 1180 de·-

210 1215 276 1271 am
290 1200 353 1274 dies
366 1203 516 1262 numereti
530 1204 745 1281 sunt,.e1unii
761 1203 905 1266 nimirum
920 1209 969 1272 28.
985 1205 1022 1265 sd
1036 1204 1175 1264 Octobris
1195 1210 1246 1272 16.
1258 1204 1309 1264 vol

209 1293 248 1367 ut
259 1285 427 1364 scripturae
439 1289 666 1350 convenientius
680 1289 798 1369 loquor,
823 1312 838 1349 s
854 1290 953 1369 prium
967 1289 1083 1351 ruentis
1098 1289 1130 1348 in
1145 1298 1239 1359 terme
1252 1289 1309 1348 im.

209 1367 275 1430 bris
290 1369 337 1429 die
350 1367 421 1432 Maii
433 1378 482 1438 20.
498 1374 537 1434 sd
549 1373 689 1436 Octobris
702 1380 752 1441 16.
769 1385 889 1438 eentum
903 1384 933 1435 et
947 1373 1161 1454 quinquaginta
1176 1383 1248 1434 sunt
1261 1375 1309 1434 in·

209 1454 344 1518 teriectir
366 1465 436 1537 post
451 1457 591 1519 ultimum
609 1479 738 1540 quorum
756 1459 884 1540 limitem
906 1479 1000 1538 oquse
1016 1467 1183 1538 coeperunt
1207 1457 1309 1520 immi-

209 1539 266 1599 nui
286 1559 323 1599 ee
346 1541 507 1605 subsidere.
550 1545 758 1623 teneramque
780 1554 853 1603 eunt
876 1564 977 1623 aquae
997 1542 1035 1602 de
1061 1554 1143 1602 terra
1164 1553 1310 1604 emetee'et

209 1622 384 1691 redeuntes.-
404 1639 433 1685 et
454 1639 610 1708 coeperunt
631 1631 733 1687 minui
749 1640 824 1709 post
843 1640 963 1688 centum
982 1631 1213 1710 quinquaginta
1234 1625 1309 1690 dies.

210 1709 316 1768 Getta·
333 1715 363 1775 6.
378 1731 406 1773 ν.
422 1716 452 1777 3.
482 1714 552 1774 Eret
566 1713 729 1774 Octobrilie
753 1714 805 1772 ille
822 1719 871 1777 16.
887 1713 951 1771 dies
968 1706 1171 1772 hebdomarios
1193 1713 1309 1787 tertius,

210 1793 263 1872 qui
277 1793 380 1852 Mortis
394 1795 479 1855 litero
494 1798 531 1856 B.
547 1799 690 1872 signinus.
732 1796 890 1874 Subiungit
906 1795 1002 1855 Moses
1016 1816 1045 1857 v.
1061 1796 1092 1861 4.
1134 1798 1309 1876 lisquieeit-

209 1898 269 1956 que
288 1898 363 1935 arcu
377 1899 476 1938 ner-nse
496 1884 639 1959 septimo,
661 1881 803 1940 vicesimo
818 1883 943 1960 septimo
957 1883 1086 1954 nuruis,
1108 1901 1202 1961 super
1218 1901 1309 1940 mou-

208 1972 253 2019 tee
265 1961 438 2022 Armeniae.
472 1964 602 2024 Mensem
616 1966 705 2025 illum
722 1965 898 2045 septimum,
919 1986 981 2024 non
1002 1986 1020 2024 ι
1042 1964 1140 2046 primo
1162 1985 1310 2044 equorum

207 2046 295 2126 lapsu
303 2065 324 2124 ‚‘
333 2047 388 2106 scd
399 2049 435 2106 sb
448 2048 559 2109 ultimo
571 2058 641 2129 pest
655 2050 853 2128 quodraginta
869 2051 932 2130 dies
948 2070 1034 2110 ersus
1055 2069 1157 2111 eurum
1179 2050 1309 2110 termino

206 2139 297 2212 putot
320 2131 438 2192 Autisor
458 2134 614 2213 Georgius.
656 2135 685 2194 lo
706 2144 752 2194 est
765 2135 845 2194 Iunii
860 2140 910 2202 28.
932 2157 949 2193 s
968 2155 1030 2215 quo
1055 2135 1093 2194 sd
1115 2133 1243 2195 leonorii
1257 2141 1308 2202 22.

209 2237 271 2295 quo
286 2237 354 2277 erce
369 2218 538 2277 consedisse
552 2229 711 2293 narratur,
734 2219 873 2279 ducentis
888 2230 918 2279 et
932 2230 1000 2280 octo
1016 2219 1120 2280 diebus
1134 2219 1309 2296 numeratis,

175 2361 185 2378 ,
207 2310 240 2364 et
252 2303 285 2359 in
306 2303 483 2361 tricenarios
503 2323 618 2362 menses
631 2304 752 2379 divisis,-
773 2304 903 2363 ianuarii
917 2305 1064 2364 secundus
1084 2314 1116 2364 et
1137 2303 1309 2384 vigesimus,

208 2405 266 2446 nec
280 2405 352 2444 uon·
363 2387 484 2466 septimi
503 2387 657 2448 abeodem
679 2399 830 2448 momento
850 2391 1027 2448 numerondi
1049 2389 1158 2450 mensis
1179 2395 1304 2449 octavus
1321 2391 1355 2446 V.
1371 2392 1405 2449 te

207 2469 492 2549 supro'vigesimum
513 2492 576 2533 esse
601 2475 802 2555 comperitur,
826 2474 974 2536 eteodem
996 2475 1135 2547 incunte,
1159 2473 1308 2555 completo

208 2555 353 2616 videlicet
366 2556 509 2633 vigesimo
521 2560 666 2639 septimo,
690 2562 836 2618 Genesoos
851 2559 950 2618 vorbis
964 2570 1065 2638 oporte
1077 2558 1235 2633 celebrato,
1258 2578 1310 2616 sr-

210 2660 277 2700 cem
297 2660 336 2699 ex
351 2641 495 2702 Authoris
517 2644 660 2704 sententie
672 2645 861 2722 ,requievisse
879 2664 1058 2704 asseremus:
1082 2644 1127 2702 vel
1151 2652 1230 2702 certe
1249 2639 1308 2702 lise

209 2725 399 2804 expositione
417 2727 543 2806 reiecto,
573 2748 642 2789 curn
665 2729 784 2788 olenii
810 2733 859 2795 28.
880 2749 940 2788 non
963 2729 1050 2802 longe
1073 2727 1112 2786 sit
1133 2726 1308 2805 Aegyptiaci

210 2809 337 2888 Epiphei
348 2812 552 2891 principium,
574 2835 662 2892 quem
676 2824 842 2892 sequuntur
853 2814 966 2872 Mesore
979 2811 1201 2892 't‘hott‘hsophi
1210 2810 1309 2891 Athyr

210 2892 328 2974 Chsenc
351 2906 381 2954 et
393 2896 494 2975 t‘ybi,
515 2898 601 2957 cuius
617 2893 775 2974 vigesimus
798 2919 833 2954 ac
854 2897 995 2976 septimus
1012 2897 1075 2956 dies
1098 2895 1253 2956 concurrit
1275 2896 1308 2956 in

208 2976 348 3038 llebruiei
363 2981 473 3038 Sobbot
486 2982 669 3040 neomeniam
685 2991 716 3040 et
730 2983 857 3040 Romani
873 2979 1004 3041 imruorii
1018 2988 1069 3048 22.
1085 2980 1152 3058 tric,
1174 2981 1308 3060 inquom,

160 3132 163 3135 ,
210 3063 288 3141 tybi
301 3065 516 3143 Aegyptiacus,
537 3087 606 3125 cum
619 3087 636 3124 e
650 3067 700 3130 40.
717 3067 833 3125 dierum
847 3067 964 3126 diluvio
976 3067 1018 3126 sit
1032 3069 1140 3126 mensis
1154 3067 1308 3144 septimus,

210 3169 273 3208 uon
293 3149 404 3208 iurum
425 3152 511 3229 ponit
526 3149 645 3210 Autitor
668 3152 731 3209 cius
755 3151 804 3210 dic
828 3159 879 3218 Ξῖ.
899 3153 932 3210 in
949 3152 1133 3211 neomeniam
1150 3149 1258 3232 Subbst
1278 3158 1310 3210 et

209 3233 343 3293 lsnnmii
357 3241 408 3302 22
420 3235 571 3296 incidente
584 3256 683 3297 orcam
693 3237 726 3295 in
741 3237 896 3295 Armeniae
909 3236 1061 3295 montibus
1071 3235 1208 3310 haesisse,
1229 3232 1309 3294 heb-

210 3317 372 3395 rlomsdos,
393 3318 497 3380 subdit
512 3322 584 3395 iile,
606 3323 653 3381 die
670 3323 811 3389 secundo,
833 3323 933 3378 Lunae
946 3319 1089 3378 nimirum
1104 3319 1196 3393 dicto,
1219 3318 1308 3390 cuius

208 3403 308 3462 littero
323 3404 359 3460 G.
372 3406 534 3482 eodemque
548 3406 596 3464 die
609 3407 724 3466 detecto
738 3406 828 3480 fuisse
839 3403 986 3463 meminus
1001 3403 1156 3462 cacumine
1169 3403 1309 3464 reserun-

209 3496 259 3548 tur
279 3505 369 3544 versu
389 3489 419 3552 5.
463 3490 508 3546 Ar
527 3510 595 3547 s'ero
616 3511 716 3566 uqrme
735 3489 822 3545 ierint
843 3500 870 3546 rt
892 3487 1115 3564 decurrebant,
1145 3509 1242 3568 neque
1264 3487 1311 3552 ud

209 3570 359 3632 decimum
379 3592 521 3646 nicensem,
545 3571 556 3645 (
566 3571 694 3651 Ssbbst)
718 3573 834 3630 decimo
855 3577 935 3634 enim
950 3593 1062 3650 mense,
1084 3569 1119 3653 (e
1134 3573 1308 3652 Nismupri·

209 3655 273 3737 mo)
284 3659 391 3736 primo
405 3656 453 3715 die
467 3660 579 3714 mereris
594 3656 729 3738 (sabbat)
744 3670 955 3738 apparuerunt
970 3662 1132 3716 eoemm'na
1147 3660 1307 3721 montium.

213 3742 236 3800 A
251 3741 382 3800 lmruerii
399 3735 487 3822 porro
503 3745 636 3802 secundo
651 3754 742 3823 supro
762 3745 953 3820 vigesimum,
975 3744 1040 3802 aliis
1053 3743 1104 3808 40.
1126 3742 1232 3802 diebus
1249 3762 1307 3802 ex·

209 3827 303 3900 uotis,
333 3827 432 3887 emisit
451 3827 513 3887 Noe
532 3847 655 3889 corvum
685 3849 723 3887 ex
750 3849 837 3888 orcoe
863 3832 990 3889 senonis
1010 3828 1112 3888 Martii
1134 3827 1183 3887 die
1204 3827 1306 3901 tertio,

207 3909 413 3972 hebdomades
433 3914 576 3994 septimo,
606 3913 691 3971 cuius
711 3914 812 3972 littero
828 3915 862 3976 B.
882 3923 926 3973 est
945 3922 1027 3975 note.
1070 3914 1148 3972 Tum
1167 3912 1213 3972 bis
1232 3911 1307 3971 erni-

208 3996 250 4054 sit
265 3995 444 4073 columboni,
467 3997 565 4058 Martii
580 3997 722 4056 videlicet
736 4003 785 4064 10.
804 4009 833 4073 ot
850 4005 897 4064 17.
910 4019 945 4056 ec
959 3997 1149 4077 postmodum
1165 3998 1216 4064 25.
1229 4016 1306 4073 ueo3·

211 4080 323 4140 merline
335 4080 427 4139 Nicon
441 4083 548 4143 comite
560 4083 752 4142 illucescente
765 4086 924 4163 conspexit
935 4103 1026 4162 eques
1038 4082 1223 4142 imminutae:
1233 4084 1306 4160 pri-

210 4188 260 4224 mo
273 4185 384 4245 merere,
402 4172 508 4244 primu
527 4166 577 4228 die
589 4171 718 4242 ineneis,
740 4167 752 4247 (
760 4189 837 4246 quae
852 4189 930 4228 neruo
944 4177 1090 4228 renovato
1104 4167 1306 4226 hebdomarios

210 4251 285 4311 seris
299 4253 428 4311 seeundo
443 4250 499 4336 cst)
513 4257 690 4312 imminutae
701 4264 775 4310 sunt
788 4275 888 4333 aquae
901 4265 1125 4334 superterram.
1155 4251 1263 4310 Genes.
1275 4254 1305 4315 8.

209 4355 241 4394 v.
261 4337 310 4402 13.
339 4335 411 4395 Maii
425 4339 545 4396 demum
557 4335 611 4404 ⁹20.
626 4339 677 4417 qui
693 4349 813 4399 notetus
834 4340 933 4398 littero
947 4340 983 4398 G.
998 4348 1029 4397 et
1039 4335 1240 4397 hebdomadon
1255 4353 1307 4392 sc-

209 4422 341 4498 cundus,
354 4421 459 4484 solitae
470 4443 540 4483 suae
556 4425 687 4485 siccitati
701 4424 779 4488 vidit
791 4425 855 4488 Noe
869 4424 1037 4486 restitutum
1050 4432 1170 4485 terram.
1206 4420 1306 4482 Mum
