3109 4959
535 381 970 506 ersnnorsrronrs.
1224 422 1301 496 ιιι

208 610 356 654 annorum
378 590 468 652 luisse
489 593 603 654 asserit.
644 593 746 655 Potuit
768 601 867 653 sutem
888 589 968 650 inter
987 587 1117 668 somnia,
1144 597 1175 649 et
1197 588 1301 651 subse·

208 687 304 755 qaum
322 685 401 754 gesta
414 685 444 736 et
454 677 487 736 iu
503 677 672 760 Aegyptum
686 678 895 739 obductionem
908 674 998 735 unius
1018 675 1090 736 auui
1110 675 1239 758 spatium
1252 675 1302 736 ia·

208 771 384 822 tercurrere.

296 849 359 908 Ταῦ
373 839 483 926 'loono
497 841 599 921 tsogt'
600 845 623 926 .]
646 848 693 908 Ex
707 847 818 908 tabulis
838 844 1002 906 secuudum
1022 844 1185 906 Authorem
1204 844 1303 907 Chro-

206 931 352 1030 uologicis
369 933 409 991 ad
429 931 516 992 lacob
539 952 650 992 ennam
673 939 743 1000 120.
764 942 939 992 numeratur
957 930 1066 1011 Ioseplr
1085 936 1136 997 29.
1157 932 1240 1010 quusi
1254 931 1303 990 ni·

207 1017 316 1075 mirum
337 1016 429 1096 patris
446 1019 497 1082 90.
518 1026 606 1077 ustus
625 1017 674 1078 sit.
708 1017 792 1078 Idem
812 1037 883 1079 vero
907 1036 1003 1076 ιιιιιιιι
1025 1014 1127 1076 abiens
1141 1016 1218 1082 29.
1207 1016 1304 1075 uniens

208 1110 254 1160 est
273 1105 324 1166 30.
344 1101 513 1179 Marginelis
527 1096 739 1165 numerust'.
730 1123 762 1162 ιιι
778 1096 832 1186 ρι’.
848 1101 1072 1178 mutariexigit.

283 1179 365 1260 Ἕως
384 1182 574 1268 τιόνηρόνων
593 1181 688 1252 αιῖιαν
674 1183 906 1263 Ἀντανίναν]
927 1182 1127 1262 Heliogabali,
1146 1183 1231 1242 cuiue
1248 1202 1305 1242 ³0-

207 1279 269 1330 tate
285 1270 405 1349 scripsit
418 1273 589 1334 Africanus.
629 1272 828 1333 Bellsrminus
843 1270 880 1329 de
895 1268 1097 1348 scriptoribus
1118 1267 1306 1330 Ecclesiasti-
1399 1263 1408 1280 ⁸

208 1355 264 1415 cis.
292 1355 494 1416 Posssvinas'
486 1376 519 1416 ιιι
533 1356 739 1438 ApparutuV
752 1356 847 1415 lulius
859 1355 1019 1416 Afncauus
1030 1373 1168 1436 copiose
1190 1363 1221 1413 et
1232 1353 1348 1413 anteP
1363 1351 1398 1409 37

206 1448 367 1519 utramque
382 1441 615 1521 Hieronymus
605 1461 639 1501 in
662 1441 821 1518 catologo,
849 1443 902 1518 qai
922 1440 1009 1499 de
984 1460 1045 1500 eius
1062 1458 1169 1518 genere
1189 1438 1253 1500 vite
1273 1445 1306 1498 et

207 1525 346 1605 scriptis:
368 1546 404 1584 sc
421 1524 540 1585 tandem
555 1525 677 1585 Vossius
693 1526 730 1586 de
744 1526 823 1585 llist.
839 1524 959 1587 Graecis
974 1526 1027 1588 lib.
1039 1531 1070 1591 2.

294 1610 471 1689 Θαυμασίαν
490 1608 687 1690 recipientium]
711 1611 827 1690 Deque
843 1611 963 1690 copiose
978 1610 1126 1686 Scaliger,
1146 1608 1302 1688 imponens

207 1692 295 1754 stiam
307 1695 434 1769 Lectori,
447 1694 499 1753 ubi
508 1694 707 1775 Hegesippurn
716 1715 779 1754 eam
795 1694 985 1773 superstitem
998 1711 1117 1769 negasse
1126 1693 1240 1767 usserit,
1249 1692 1305 1770 qui

206 1788 323 1839 tantum
339 1800 377 1838 an
392 1791 526 1839 muneret
546 1781 601 1838 sibi
617 1779 694 1838 dixit
709 1779 867 1836 incertum.
910 1776 1024 1837 Cestius
1040 1778 1077 1836 de
1087 1776 1140 1835 illa
1154 1777 1305 1835 disserunt

208 1864 321 1923 oculati
329 1874 416 1923 testes
424 1864 601 1922 Francrscus
609 1862 802 1934 Quorcsurius
811 1861 1059 1922 inlilucidetioue
1068 1871 1164 1920 terrae
1176 1871 1304 1936 sanctae,

208 1949 363 2051 Eugenius
375 1947 531 2023 llogerias,
554 1947 647 2005 etalii
664 1946 701 2005 de
714 1947 808 2006 sacris
824 1947 1109 2026 peregrinationibus
1126 1944 1274 2006 authores.

290 2025 363 2108 Ὑφ’
384 2026 419 2092 ὃν
437 2027 492 2103 τοία
507 2028 625 2103 iusseris
646 2027 826 2111 αίνέφεραν’
813 2055 846 2094 ιν
861 2039 928 2107 ταῖς
939 2027 1146 2113 πανηγύρεσι]
1166 2023 1303 2105 Ἐκτενιίς
1322 2039 1328 2057 “

208 2137 239 2175 se
255 2114 392 2192 ignorare
410 2116 521 2174 latetur
541 2115 679 2192 Scaliger.
722 2117 823 2175 Usitat
843 2117 978 2176 Ecclesia
999 2116 1176 2176 (trientalisz
1198 2138 1302 2196 preces

207 2201 348 2260 videlicet
359 2203 523 2278 protensior
525 2223 560 2257 cs
575 2222 592 2258 a
606 2201 738 2260 Diacono
753 2202 1009 2280 pronunciandae,
1030 2202 1139 2280 quibus
1153 2221 1210 2279 pro
1228 2221 1302 2260 cun·

208 2286 266 2345 ctis
283 2285 437 2344 hominum
458 2285 615 2362 generibus
635 2286 785 2364 variisque
800 2285 957 2346 'humanae
975 2287 1054 2345 vitae
1076 2285 1302 2345 necessitatibus

206 2369 340 2432 Ecclesia
363 2369 473 2429 diserte
493 2377 523 2428 et
542 2370 688 2450 explicate
712 2371 805 2430 Deum
827 2372 981 2452 Optimum
1003 2371 1167 2430 llaximum
1186 2379 1300 2433 exorat.

208 2456 322 2532 Quanti
337 2453 489 2514 faciendae
501 2453 538 2513 eb
550 2456 631 2514 omni
646 2475 717 2515 vere
734 2454 904 2516 Christiano
919 2455 1039 2517 homine
1054 2465 1186 2516 vetustas
1200 2475 1302 2516 earum

208 2563 226 2600 ιι
242 2540 466 2620 quatuordecim
480 2539 539 2598 iam
550 2540 675 2601 saeculis
688 2540 816 2622 probata
831 2551 1009 2602 commonet.
1051 2544 1095 2602 lle
1108 2541 1170 2601 illis
1183 2539 1302 2600 aburade

206 2625 241 2685 in
252 2625 362 2686 nostris
378 2623 597 2703 Euchologicis.

290 2705 340 2773 Ἐν
355 2716 421 2783 ταῖς
434 2705 642 2792 πανηγύρεσι]
665 2710 706 2768 Ut
720 2719 883 2770 mercatum
895 2710 1045 2771 Ethnicis=
1066 2710 1110 2769 ite
1127 2708 1303 2770 Christianis

207 2814 326 2855 ssorum
341 2803 526 2854 conventum
543 2794 658 2853 indicat
679 2790 856 2882 πανήγυρις.
896 2795 1054 2856 Ethniosm
1074 2796 1167 2859 solam
1172 2795 1302 2877 signiti-

209 2880 337 2940 centiam
355 2888 499 2939 memorat
512 2878 650 2958 Scaliger.

290 2959 370 3027 ‘Hi'
386 2988 423 3028 oa
415 2959 606 3027 ’κατεκαίετο
620 2964 752 3026 δοκοῦσα
765 2961 990 3064 καταρᾶσθαι]
1011 2964 1066 3024 His
1085 2987 1141 3027 ceu
1161 2965 1221 3026 tide
1243 2965 1304 3026 du-

208 3047 258 3107 bia
276 3050 424 3128 Scaligero
444 3048 623 3109 nutantibus
642 3058 672 3107 et
695 3069 713 3106 a
731 3051 860 3130 praeviis
873 3051 982 3148 pegia.
1002 3059 1102 3112 textus
1123 3051 1229 3115 Euseb.
1248 3057 1303 3118 22.

208 3131 342 3194 rescissis
359 3143 389 3192 et
412 3134 573 3242 expunctis
597 3133 707 3194 certius
730 3135 934 3195 testimonium
952 3134 1054 3195 reddit
1074 3133 1248 3195 Eustatlrius
1265 3135 1302 3194 ab

209 3217 322 3277 Allatio
340 3216 446 3278 editus.
489 3211 568 3282 io
544 3243 568 3300 ῳ
582 3213 663 3324 eirca>
677 3216 795 3301 νιτῆρχι
808 3216 1128 3326 καίῆτερίβινθας,’
1108 3243 1152 3297 ιφ
1159 3211 1302 3326 'dispo

208 3316 271 3381 ψεν
286 3294 393 3380 Ἰαιιιίβ
413 3305 469 3363 τοῦ
490 3283 601 3380 Λάβαν
616 3327 653 3365 τα
641 3281 836 3366 είῦαιίαΛ
812 3329 881 3385 ητις
901 3304 979 3380 ἐστί,
999 3301 1049 3363 καί
1068 3306 1127 3364 νῦν
1150 3303 1193 3377 τίς
1213 3302 1304 3410 τιμὴν

209 3391 272 3449 ταῖν
288 3381 467 3492 προγόνων
464 3381 526 3489 einp
544 3389 606 3447 ario
626 3383 842 3494 τιίησιαμαίρων
863 3381 1072 3493 θρησκεύεται.
1094 3388 1137 3451 ἔτι
1158 3386 1214 3497 ηιίρ
1235 3388 1303 3473 ἄχρι

208 3495 264 3534 ταν
251 3473 370 3552 drapo
388 3465 471 3551 παρὰ
487 3493 539 3532 ταν
555 3465 689 3571 πρεμνὸν
700 3497 799 3575 αυιης
818 3471 937 3554 βωμὸς,
959 3464 1044 3549 ἔφη
1029 3496 1063 3535 ον
1076 3471 1115 3535 ια’
1127 3497 1158 3536 τε
1171 3472 1302 3537 eloneo-

208 3552 345 3636 ccipere,
367 3552 470 3618 ιιαί
433 3578 487 3628 τας
508 3548 674 3635 ἑκατόμβας
688 3549 851 3660 αἷνίφερον·
872 3552 952 3619 εἶναι’
966 3555 997 3619 τί
1012 3576 1113 3633 φασιν.
1120 3552 1289 3640 (ίαβὸον’
1248 3584 1303 3622 ov·

209 3639 267 3722 τὴν
279 3638 347 3717 ἕνας
362 3646 423 3703 ταῖν
445 3639 689 3715 ίπιξενωθίντων
706 3634 886 3747 dyptico
858 3664 898 3702 ται
886 3636 1093 3746 Ἀβραιίμιρ
1076 3639 1175 3723 η’νιιερ
1190 3649 1233 3707 sai
1252 3668 1302 3707 τα·

209 3722 335 3808 κατότι
351 3721 458 3807 sepeio
474 3719 658 3804 ἐφύτευσενι
680 3723 733 3786 καί
751 3720 838 3801 ίξι
798 3750 836 3787 αι
838 3750 893 3806 της
907 3753 927 3807 η
920 3722 1179 3811 ‘dissipemur'
1137 3754 1213 3809 αντη
1230 3725 1304 3791 α’νε-

210 3805 277 3888 φαίη
300 3810 482 3912 τερέβινθος
512 3809 693 3889 ιίφαφθεῖσα
711 3806 769 3915 μαίρ
787 3805 843 3913 αίη
862 3817 925 3895 τιιῖρ
937 3815 1066 3899 γίνεται,
1087 3813 1139 3876 uel
1153 3815 1303 3894 νομίζεται

210 3913 305 3956 nocco
318 3892 407 3969 εἰς’
373 3919 459 3958 ιανιν
477 3894 561 3957 ἐκ
503 3919 577 4000 της
593 3890 707 3976 φίαγας
720 3888 918 3962 derisissent.
950 3901 1186 3979 ιιατααβεαθεῖαα
1201 3897 1303 3976 μίνται

211 3971 320 4055 αίσινης
339 3975 394 4057 αίη
416 3979 468 4042 καί
492 3971 632 4060 streperos
649 3981 808 4046 δείκνυται.
859 3986 906 4042 Eo
927 3983 988 4042 loci
1009 3985 1084 4062 (quo
1101 3981 1250 4042 Abraham
1271 3993 1302 4044 et

210 4061 318 4141 Ioseph
332 4063 453 4145 sepulti)
474 4065 578 4123 stabat
600 4065 807 4144 Terebintlms,
830 4069 888 4126 sub
905 4089 970 4148 qua
982 4068 1096 4127 Ladan
1109 4068 1302 4128 sirrrrcloclrra

212 4145 302 4207 Iacob
318 4169 352 4202 or
354 4149 491 4211 αιιίίαιιί
535 4153 585 4210 Εα
593 4173 730 4230 persever
730 4165 782 4216 αι
799 4114 831 4212 ²et
845 4156 879 4212 ιἰι
893 4156 1047 4212 maiorum
1062 4152 1204 4210 lidnorem
1219 4175 1240 4212 α
1258 4159 1301 4213 αι’.

211 4235 291 4291 cinis
312 4233 421 4289 incolis
435 4239 600 4315 praecipuo
620 4236 731 4296 ίιαιιανα
746 4241 866 4300 colitur.
919 4237 1055 4296 ddecus
1071 4240 1149 4295 enim
1168 4240 1302 4318 stipitem

211 4322 242 4376 in
259 4314 545 4398 hodierursmrcsqno
560 4319 638 4378 diem
654 4321 753 4381 altore
767 4336 896 4381 erectum
911 4334 970 4395 c,st
992 4321 1038 4379 ad
1051 4320 1137 4404 quael
1155 4323 1302 4386 holocau-

211 4416 261 4462 sta
275 4415 303 4462 et
316 4402 509 4462 hecrstomhos
531 4400 697 4486 (sactificia
712 4415 742 4466 ct
761 4427 866 4488 preces
880 4427 968 4486 quom
981 4406 1077 4496 nihilo
1092 4407 1188 4469 secius
1204 4432 1300 4493 expo-
