3109 4959
245 389 297 465 72
728 396 867 467 eoam

244 564 328 619 nent.
362 554 397 621 l).
417 551 580 615 cardinalis
599 553 797 630 Barbetium,
819 564 904 615 etex
923 553 1127 615 voluminibus
1146 552 1265 615 Graecia
1284 572 1337 611 ca·

244 644 323 703 lamo
342 640 468 700 exeratis
490 640 573 699 illius
594 638 756 701 beneficam
780 640 904 719 largitus
925 649 969 700 est
984 650 1178 719 potestatem,
1202 638 1255 716 qui
1273 638 1336 697 MS.

244 726 381 787 Vaticani
400 744 515 785 numer.
538 725 608 791 151.
627 742 692 805 pag.
715 730 767 792 77.
791 726 939 805 exquisita
962 727 1041 785 leret
1060 723 1225 805 expressio:
1247 722 1335 781 iuva·

243 818 316 872 runt
332 811 497 871 eommunis
515 810 704 870 emolumenti
720 819 874 871 curatores
891 809 1052 869 Clarissimi
1075 808 1197 869 Puteani
1220 809 1335 880 tratres,

244 895 272 956 ei
284 894 446 956 liberaliter
459 896 568 954 donato
581 894 695 972 codice,
718 895 771 974 qui
787 894 860 955 olim
873 893 1070 954 Bibliothecae
1085 896 1118 954 l).
1137 895 1226 953 Perea
1239 893 1337 949 luerat

242 980 487 1061 suppelleaa,alios
499 979 673 1041 consulendi
687 978 868 1040 desiderium
881 1000 1027 1041 amovere.
1052 978 1123 1038 Fert
1135 978 1214 1037 enim
1224 977 1337 1054 epigra-

242 1064 351 1147 pheax
368 1065 578 1125 studiosissimi
591 1066 625 1127 D.
639 1068 728 1125 Perea
740 1086 876 1147 persona.
908 1066 1072 1144 Georgium
1080 1063 1251 1140 &sacellam
1258 1080 1338 1117 cona

237 1154 355 1231 paravi
369 1148 413 1207 ad
421 1146 558 1213 (indicem
570 1152 762 1224 Palatinum,
773 1154 828 1229 qai
840 1148 929 1209 leodic
938 1153 971 1208 in
979 1149 1170 1207 Bibliotheca
1183 1148 1337 1207 Vaticana

244 1244 441 1309 asservatur,
458 1236 515 1294 aab
531 1255 612 1295 nam.
628 1236 700 1301 246.
717 1236 833 1295 Romae
852 1256 933 1293 armo
952 1239 1042 1301 1637.
1086 1234 1132 1293 Ex
1149 1233 1207 1291 lroc
1230 1232 1337 1289 lacuna

243 1320 384 1381 loliorum
399 1320 490 1381 trium
505 1320 590 1381 hians
605 1320 720 1401 spatio,
743 1340 761 1378 a
775 1320 925 1397 scaligero
942 1339 1005 1378 non
1024 1319 1088 1377 sine
1103 1316 1236 1397 querulis
1247 1313 1338 1374 voci-

245 1402 302 1463 bus
324 1406 403 1478 visa,
426 1406 546 1463 omnino
569 1416 722 1485 reparata,
744 1414 774 1463 et
791 1404 874 1481 Regii
895 1404 1002 1462 mutila
1018 1426 1088 1482 pars
1106 1424 1160 1478 por
1176 1422 1241 1459 euin
1256 1403 1338 1460 intc-

244 1486 346 1565 gritati
367 1507 435 1547 suae
453 1490 599 1547 restituta.
640 1488 757 1547 Fratres
778 1486 861 1562 illos,
888 1488 1042 1545 Musarum
1062 1485 1200 1558 delicias,
1221 1482 1339 1541 caelum

246 1571 374 1632 feliciter
389 1582 602 1653 prosequatur:
624 1583 654 1633 et
668 1592 756 1652 quem
777 1572 896 1651 rapuit,
916 1569 997 1631 intcr
1013 1569 1113 1629 beatos
1129 1577 1228 1629 teneat
1246 1590 1339 1645 μακα-

246 1651 405 1741 ριώτατον,
432 1678 491 1737 quo
511 1657 656 1733 fruimur,
678 1657 859 1716 interrivos
880 1664 978 1715 sereret
1004 1648 1178 1734 μακρόβιον.
1223 1653 1337 1724 Quarta

245 1750 275 1801 et
292 1750 443 1823 postrema
463 1740 621 1801 collatione
636 1739 818 1820 Syncclliani
835 1739 927 1799 totius
945 1739 1042 1819 operis
1061 1737 1150 1797 fidem
1169 1735 1337 1816 expendere

243 1835 274 1889 et
288 1826 462 1886 confirmare
478 1828 574 1885 suerat
587 1825 619 1883 in
638 1828 728 1899 votis,
743 1825 795 1883 scd
809 1825 859 1903 qui
877 1823 1134 1901 exsequendorum
1148 1841 1230 1900 spem
1243 1821 1337 1879 dede-

242 1920 308 1986 rat,
338 1912 464 1989 eripuit,
494 1922 522 1969 ct
552 1910 633 1987 qaod
645 1909 822 1990 promittere
838 1908 920 1968 visus
940 1907 1037 1967 suerat
1060 1907 1188 1981 bonum,
1215 1905 1336 1965 invidit.

244 1994 418 2057 Versionenr
441 1994 576 2075 Syncelli
600 1994 725 2073 aggressi
747 1995 830 2054 luere
846 1992 983 2073 plerique
1004 1991 1100 2062 Galli,
1129 1988 1197 2049 ltali
1225 1999 1272 2062 et,
1299 1999 1338 2049 ut

242 2078 350 2156 audio,
375 2080 529 2139 Germani:
559 2078 637 2139 hanc
658 2100 696 2139 ex
716 2098 821 2140 eorum
842 2079 942 2155 iussu,
965 2076 1075 2155 quibus
1097 2094 1265 2155 repugnare
1278 2095 1336 2134 ne·-

243 2166 306 2243 sas,
327 2174 514 2246 susceptam,
536 2185 596 2223 non
611 2164 688 2241 alio,
711 2183 799 2242 quum
812 2162 990 2226 sinceritatis
1004 2172 1034 2221 et
1049 2179 1180 2221 summae
1199 2180 1267 2219 cunr
1282 2180 1335 2218 au·

243 2258 327 2309 ciere
344 2251 458 2309 Graeco
474 2250 650 2309 concordiae
665 2248 785 2307 nomine
799 2248 1032 2306 commendatam
1046 2247 1147 2306 velim.
1191 2245 1334 2303 Emenda-

244 2334 341 2393 tiones
372 2343 472 2393 tamen
499 2333 538 2392 ad
557 2335 717 2411 marginem
746 2334 875 2392 adiectas
896 2343 1039 2411 sequuta,
1061 2339 1215 2390 auctorem
1235 2332 1335 2409 ipsum

242 2427 273 2477 et
298 2419 361 2481 eius
385 2427 512 2477 mentem
531 2420 632 2499 potius
660 2418 791 2497 assequi,
813 2437 900 2495 quarn
924 2416 1110 2475 amanuensis
1129 2415 1231 2495 lapsus
1258 2412 1336 2471 imi·-

240 2503 298 2564 tari
321 2502 510 2562 iudicabitur.
552 2504 737 2583 Scriptorum
759 2524 776 2561 a
799 2502 939 2582 Syncello
960 2510 1191 2561 memoratorum
1212 2500 1279 2559 loca
1295 2496 1335 2557 ad

240 2586 403 2666 marginem
426 2596 564 2664 annotat,
592 2608 668 2667 quae
691 2596 809 2667 praeter
831 2588 962 2647 auctoris
988 2586 1079 2646 verba
1104 2584 1256 2662 adiungit,
1279 2603 1335 2643 con

243 2672 360 2749 eliens,
406 2670 530 2733 diversis
565 2670 783 2732 characteribus
816 2671 976 2753 appingitz
1020 2690 1097 2750 quae
1128 2669 1233 2729 iisdem
1265 2687 1335 2725 cnm

240 2756 306 2837 ipso
326 2766 413 2818 textu
434 2777 584 2837 expressa,
606 2757 722 2817 librarii
744 2756 795 2818 vel
813 2758 925 2817 eruditi
939 2754 1121 2837 cuiuspiam,
1141 2755 1191 2813 vel
1203 2753 1335 2827 denique

241 2843 371 2901 auctoris
395 2843 635 2903 observationum
656 2842 920 2920 interpretamenta
940 2850 1020 2903 suat.
1069 2837 1204 2899 Africani
1232 2835 1332 2908 verba,

241 2924 294 2983 ubi
313 2942 477 3005 apparuere
500 2926 653 2983 rnanilcsta
676 2926 787 2985 Italicis
810 2926 935 2999 litteris,
957 2922 1077 2984 Eusebii
1093 2919 1218 2997 virgulis
1236 2939 1334 2999 appo-

240 3008 307 3067 sitis
328 3010 408 3068 inter
425 3016 524 3067 textus
540 3007 649 3067 seriem
671 3008 797 3068 reddita.
838 3008 1012 3068 Versioncm
1034 3015 1197 3084 sequentur
1215 3003 1334 3063 tabulae

243 3092 476 3171 chronologicae
491 3090 529 3152 ad
545 3092 677 3172 ,Syncelli
694 3102 824 3151 mentem
840 3102 870 3152 et
884 3101 1059 3171 computum
1074 3091 1210 3167 digestae.
1252 3089 1332 3164 lllas,

242 3178 323 3258 quod
337 3178 472 3259 prolixae
486 3186 516 3239 et
529 3176 660 3259 porrecti
673 3186 787 3237 tractus
801 3177 929 3237 taedium
941 3176 1073 3236 fortassis
1089 3177 1122 3234 in
1137 3175 1258 3236 lectoris
1270 3173 1335 3233 ani-

242 3282 326 3321 mum
342 3264 403 3323 sint
415 3264 568 3339 illaturae,
591 3272 620 3323 et
638 3263 835 3343 amplitudine
851 3283 904 3322 sua
924 3273 1040 3343 praeter
1055 3262 1177 3321 modurn
1192 3261 1334 3319 volumen

242 3347 401 3423 auxerint,
432 3347 503 3405 lieet
524 3368 715 3426 praenoscem
740 3347 1014 3429 reprehendendas:
1044 3356 1143 3407 tamen
1165 3346 1234 3425 quia
1257 3339 1333 3407 sarai

240 3426 352 3504 πλάτος
376 3430 552 3512 expendunt
581 3430 619 3491 ad
638 3433 766 3493 auctoris
794 3433 1004 3512 propositum,
1021 3451 1107 3509 ¹quae
1135 3441 1240 3491 auctor
1267 3428 1333 3507 ipse

239 3509 311 3578 καθ’
322 3513 437 3596 drasidas
454 3524 571 3577 tantum
585 3514 642 3575 sibi
655 3516 814 3596 proposuit
829 3516 1072 3595 expendendurn3
1093 3526 1123 3576 et
1143 3536 1217 3595 quos
1233 3512 1331 3569 aduri·

240 3600 280 3660 sit
295 3599 450 3677 librarius,
471 3601 536 3677 vel,
557 3618 647 3681 opere
668 3601 939 3675 nondurnlreviso,
964 3599 1105 3679 Georgius
1125 3620 1188 3659 non
1203 3596 1332 3656 advcrtit

239 3702 434 3743 numerorum
454 3704 585 3762 errores,
613 3684 695 3765 ipsae
716 3684 834 3764 langius
858 3684 999 3745 deductae
1015 3686 1220 3758 manifestant,
1240 3690 1270 3741 et
1292 3679 1330 3739 ad

240 3768 320 3828 latus
337 3767 537 3829 emendatione
552 3772 704 3851 apposita,
727 3770 811 3851 quod
825 3770 1027 3830 criminationi
1043 3766 1206 3829 obnoxium
1221 3784 1329 3845 opper-

240 3862 315 3913 tune
329 3860 479 3934 reparant,
499 3874 559 3913 non
572 3855 684 3915 nemini
698 3854 751 3935 qui
766 3855 1036 3935 Georgii-numeros
1050 3859 1189 3932 acceptos
1202 3851 1281 3911 volet
1294 3871 1330 3909 ac

240 3938 383 4018 probatos
400 3937 524 4017 gratiam
545 3940 692 4016 secturus,
713 3939 901 4016 huiusmodi,
921 3942 1060 4018 inquam,
1081 3935 1330 3997 accommodaret

240 4023 405 4103 expetitas,
436 4022 490 4080 alii
511 4020 583 4083 licet
600 4023 841 4105 intempestivas,
867 4025 943 4085 milri
963 4022 1133 4082 nallatenus
1152 4019 1330 4081 omittendas

241 4107 326 4166 duxi.
367 4106 509 4168 Adiectue
529 4106 646 4166 dearum
668 4109 706 4169 ad
727 4111 827 4192 operis
841 4110 935 4171 totius
950 4108 1082 4182 calcent,
1103 4126 1176 4185 ques
1195 4124 1258 4167 non
1273 4102 1329 4161 ad-

239 4192 376 4252 mittebat
391 4188 493 4251 text'us
514 4209 615 4269 margo
638 4196 822 4255 contractior
843 4192 1077 4268 emendationes,
1100 4202 1130 4251 ct
1148 4192 1182 4250 in
1212 4197 1329 4250 textum

239 4274 336 4352 ipsum
356 4276 562 4337 annotationes
577 4275 771 4355 quibusdam,
794 4280 905 4354 fateor,
929 4277 1109 4357 superfluam
1135 4275 1216 4347 aliis,
1237 4279 1329 4333 utar·

131 4439 134 4444 .
238 4359 350 4436 bitror,
380 4382 442 4422 non
472 4360 594 4421 inutiles
618 4362 749 4425 laturas:
780 4363 909 4445 pretium
938 4382 1048 4443 aequus
1076 4363 1173 4421 lector·
1201 4356 1328 4419 deliniet.
