3109 4959
533 471 591 537 ET
612 464 966 538 ANNOTATIONES.
1217 453 1292 532 627

203 623 304 684 Lustri
323 631 353 682 et
369 620 555 701 Olympiadis
569 621 730 683 concordia
742 621 812 683 Not.
829 640 895 701 pag.
911 619 982 688 259.
1001 620 1130 700 profert,
1151 620 1294 681 abdhi-

205 710 271 768 cani
287 719 383 768 mente
397 709 516 786 penitus
532 708 642 785 aliena,
665 708 717 786 qui
731 706 843 767 Patavii
858 726 924 785 cop.
943 707 994 771 40.
1015 706 1134 783 legerit,
1156 708 1292 785 experie-

202 804 261 853 tur.
302 794 337 852 ld
351 795 382 850 in
397 794 460 850 eius
475 792 632 852 Anirnadv.
649 794 781 871 placuit,
804 794 887 869 «quod
904 800 974 871 post
985 792 1075 849 verba
1090 786 1164 853 nasei
1182 785 1294 852 Ἀντιο-

93 933 96 937 .
203 885 263 957 χεῖς
286 873 340 939 κδ’.
363 872 413 951 ad,
436 876 509 951 ἔτει,
532 878 720 935 scribendum
741 877 925 953 suggesserit.
966 876 1112 934 Probatur
1133 876 1294 935 etiamnum

203 963 353 1041 eorrceptis
365 961 465 1021 verbis
486 960 596 1021 ibidem
612 962 751 1023 scribens.
801 964 910 1019 Ἰίιοοοο
930 961 1003 1018 uelle
1026 958 1146 1019 ridetur
1167 961 1293 1035 Africa-

202 1068 261 1105 nus·
275 1069 306 1104 ro
320 1067 400 1103 (narso
422 1046 712 1123 celebraturusuisse
729 1045 937 1123 Olympiadem
959 1048 1029 1110 189.
1050 1042 1136 1123 qnssd
1150 1066 1230 1101 anno
1249 1066 1294 1101 se.

203 1134 305 1209 petenti
321 1136 459 1206 sire-tuns.
503 1132 585 1189 Oisia
613 1132 776 1189 dis-sextum
799 1130 958 1188 lulianus
984 1128 1133 1187 ‹nrtrcrds't
1156 1131 1293 1207 primum

201 1238 316 1275 οοοοαοο
334 1213 527 1293 Olynrps'culis
540 1218 691 1274 mensibus
704 1215 870 1288 ουοοίοοιόο,
891 1212 1058 1294 aliqurnsdo
1072 1212 1294 1292 septemdecim

202 1300 365 1379 quaemihi
380 1320 466 1358 causa
487 1302 559 1377 suit,
582 1310 617 1359 ut
636 1302 707 1360 anisi
725 1301 831 1360 iuliani
851 1299 1073 1377 castigationem
1088 1301 1119 1357 ia
1133 1319 1216 1357 aerae
1228 1300 1294 1357 llas-

203 1386 358 1444 tiochenae
372 1386 422 1450 25.
438 1405 548 1443 anirum
563 1386 732 1461 reiicerem,
756 1386 781 1444 si
800 1389 869 1451 189.
884 1383 1090 1463 Olympiadem
1103 1384 1139 1441 ab
1153 1383 1295 1442 Africano

203 1472 365 1549 scriptam,
387 1470 517 1548 praecise
531 1471 587 1528 sibi
602 1472 794 1530 coniunctam
808 1471 950 1550 accipiat:
973 1469 1045 1527 alias
1059 1469 1189 1527 eiusdem
1211 1486 1295 1526 aerae

203 1558 255 1620 21.
277 1556 328 1633 qui
352 1554 510 1613 bissextilis
533 1556 721 1635 Olympiadis
744 1558 813 1621 189.
839 1556 970 1633 primum
993 1564 1104 1612 animm
1124 1552 1296 1611 antevertit.

203 1642 354 1727 Nusquam
375 1660 466 1719 porro
486 1641 648 1700 verborum
666 1644 794 1701 istorum
810 1638 854 1702 δι’
872 1632 911 1718 ἧς
931 1638 981 1702 ἐπὶ
996 1643 1058 1701 τῶν
1072 1638 1166 1720 ὁρίων
1189 1637 1257 1716 ἔστη
1279 1635 1296 1697 ὁ

207 1722 355 1798 ἐνιαυτός,
387 1744 506 1785 sensum
532 1728 714 1804 assequitur,
742 1724 844 1785 eadem
871 1723 931 1783 hoc
958 1734 1046 1803 pacto
1073 1724 1295 1801 interpretatus.

121 1804 123 1809 ¹
202 1812 279 1867 Dies
299 1810 553 1886 intercalatitius,
583 1810 666 1890 quod
684 1811 848 1869 disses-tum
876 1807 1008 1882 dicitur,
1040 1807 1156 1865 collibet
1179 1824 1297 1863 serranus

203 1897 286 1951 iutra
299 1896 377 1969 fieres
393 1914 465 1951 assos·
474 1940 484 1968 ,
505 1917 542 1953 ne
553 1898 586 1951 iu
601 1894 805 1953 ‹cretecedents'a
819 1904 954 1972 uagetur.
997 1892 1123 1951 Cuilibet
1144 1891 1297 1969 equidem}

203 1988 234 2036 at
258 1998 325 2035 cusu
348 1977 470 2055 singulis
492 1978 523 2037 id
542 1981 743 2058 quadrienniis
757 1988 888 2058 praestet
909 1998 964 2038 cur
982 1976 1041 2036 hoc
1061 1975 1178 2056 potius,
1206 1994 1297 2053 quam

202 2062 260 2119 alio
287 2067 352 2119 loco
373 2064 552 2123 miraculum
578 2064 613 2122 ab
638 2065 780 2124 Africano
805 2066 1028 2137 decantaretur,
1061 2081 1124 2119 nou
1150 2060 1297 2140 percipio.

201 2146 383 2209 Memoratur
398 2147 497 2224 itaque
512 2148 666 2227 speciatim
681 2150 762 2228 quod
777 2148 838 2206 lixo
854 2149 893 2206 ad
913 2146 985 2205 anm
1005 2146 1115 2205 iuliani
1131 2145 1210 2203 diem
1229 2164 1298 2202 cer·-

203 2222 267 2291 tuin
282 2224 496 2310 Aegyptiorum
512 2255 606 2307 assato,
627 2254 690 2292 non
709 2242 846 2313 receptus
859 2232 948 2290 modo
967 2230 1129 2292 bissextilis
1145 2230 1223 2304 dies,
1243 2227 1298 2287 sed

203 2327 234 2375 et
247 2316 466 2375 intercalationi
482 2318 620 2399 deinceps
639 2318 791 2379 faciendae
806 2316 1046 2395 castigatissimae
1061 2314 1168 2375 modus
1180 2314 1216 2373 ab
1230 2314 1298 2372 Au-

202 2410 288 2479 gusto
304 2401 519 2461 estadhibitus.
605 2438 606 2443 κ

285 2480 463 2565 ’stupescenda
473 2482 565 2561 ἐάσας
579 2487 695 2567 εἰπεῖν]
717 2488 832 2549 Horum
844 2488 920 2564 vice,
937 2484 1071 2544 Africani
1085 2484 1204 2544 nomine
1218 2480 1299 2542 scri-

204 2568 249 2626 bit
270 2571 399 2645 Scaliger
425 2581 525 2629 textus
548 2594 616 2651 pag.
635 2578 686 2637 60.
728 2568 821 2635 ταῦτά
844 2597 896 2652 μοι
921 2564 1214 2647 προααρεσκεῦασταο
1242 2560 1299 2646 orig

204 2650 322 2727 ἅπλῶς,
344 2648 417 2713 <illd
438 2656 531 2728 δεῖξαι
554 2656 725 2739 βουλομένῳ
750 2662 818 2729 ποῦς
845 2651 1018 2738 ε’γμοζοῦσης
1036 2658 1092 2715 τοῦ
1114 2655 1300 2732 μονογενοῦς

204 2738 276 2798 υἱοῦ
287 2736 338 2797 sai
353 2732 443 2817 λόγου
456 2743 512 2800 τοῦ
529 2744 608 2801 Θεοῦ
621 2740 672 2802 καὶ
689 2745 822 2819 σωτῆρος
838 2739 928 2820 ἡμῶν
945 2733 1043 2815 Ἰησοῦ
1064 2740 1195 2817 Χριστοῦ
1209 2737 1300 2808 θείας

205 2818 381 2922 σαρκοῦσεως
395 2821 524 2895 ἐξέλιπον
547 2820 645 2903 ἅρχων
664 2824 693 2897 ἐξ
707 2819 805 2887 Ἰούδα
820 2824 871 2886 soi
885 2818 1054 2905 ἡγούμενος
1066 2820 1100 2883 iss
1118 2826 1179 2881 coin
1192 2824 1300 2899 μηρῶν

204 2902 316 2982 osiana,
337 2903 482 2986 suadelis
495 2905 664 2989 πρόρρησιν
677 2914 734 2970 τοῦ
750 2900 1063 2989 ΠατροοῖρχουἸααοὶβ.
1098 2902 1300 2978 Quantihaec
1397 2981 1399 2984 Ι

204 3001 304 3066 eraut,
334 3000 368 3049 ut
389 2993 529 3050 hliicano
550 2994 786 3070 ascriberentur,
817 3012 892 3073 quae
913 2989 1051 3073 superius
1072 3009 1138 3071 pag.
1159 2992 1232 3056 300.
1259 2990 1296 3051 Ι).

193 3082 327 3156 proprio
342 3077 464 3137 rsosniue·
475 3078 595 3158 scripsit
609 3078 762 3155 Georgius.
805 3109 807 3113 ·

291 3160 367 3239 Περὶ
389 3154 574 3244 Ἀντιγόνου,
597 3162 648 3225 καί
667 3164 768 3237 τέλους
786 3166 841 3243 τῆς
857 3155 1009 3226 Ἰουδαίων
1021 3156 1193 3239 βασιλείας]
1214 3156 1298 3215 Haeo

206 3262 275 3305 vere
289 3245 430 3304 Eusebius
447 3248 527 3327 apud
542 3249 721 3325 Scaligerum
736 3268 801 3327 pag.
819 3254 870 3313 60.
900 3248 981 3305 llaeo
991 3246 1092 3303 eadem
1109 3243 1213 3301 Latina
1229 3261 1297 3301 ver·

204 3330 249 3387 sio
265 3331 301 3387 ad
313 3331 519 3408 Olympiadem
537 3337 605 3397 186.
627 3334 798 3392 Eustathius
812 3330 916 3409 liegiae
928 3328 1131 3390 Bibliothecae
1145 3335 1297 3406 postrema

204 3414 275 3473 licet
289 3413 428 3473 historiae
442 3426 525 3496 parte
547 3416 647 3497 (quam
665 3420 761 3477 medio
778 3417 956 3488 narrationis
975 3433 1065 3473 cursu
1081 3411 1233 3472 Librarius
1247 3430 1297 3471 re·

204 3498 292 3577 liquit
316 3498 486 3584 abruptani)
510 3504 641 3560 nondum
664 3504 847 3577 instructus,
877 3503 964 3578 longe
985 3510 1085 3557 tamen
1105 3497 1241 3576 auctior,
1267 3504 1298 3555 et

205 3604 238 3641 ea
257 3584 399 3643 historiae
421 3607 522 3645 sacrae
542 3588 632 3662 serie,
656 3609 731 3665 quae
751 3610 767 3646 a
791 3587 944 3647 iudicibus
964 3583 1103 3644 Ilebraeis
1116 3582 1155 3641 ad
1168 3582 1299 3641 Alexan·

205 3670 293 3727 drunr
308 3670 347 3727 hl.
363 3673 466 3730 eteius
484 3681 608 3731 aetatem
623 3675 771 3749 excurrit,
794 3674 886 3753 dupla
901 3672 1062 3746 rrimirunr,
1083 3678 1113 3728 et
1127 3668 1202 3747 pari,
1221 3684 1298 3744 quae

205 3763 273 3811 aaste
293 3776 386 3814 sanos
410 3762 461 3821 20.
485 3758 621 3835 Lugduni
645 3760 758 3837 prodiit
778 3760 854 3816 mole
874 3755 1072 3835 locupletior5
1102 3753 1205 3813 relatis
1223 3743 1300 3820 sotei

205 3838 283 3912 λέξιν
299 3861 373 3917 (psas
387 3844 544 3920 syncellus
560 3852 662 3901 noster
682 3863 719 3901 ex
732 3843 859 3903 Eusebio
875 3840 1045 3919 subiungit,
1067 3847 1098 3898 et
1111 3856 1186 3917 quae
1196 3834 1300 3893 eadem

205 3922 323 3981 linsehii
338 3927 440 3985 Latina
454 3928 629 4007 llieronyrni
645 3928 850 4007 interpretatio
865 3927 985 3986 credere
995 3925 1144 4005 postulat,
1165 3918 1300 3996 sequenti

206 4006 243 4067 de
274 4012 466 4090 Septuaginta
492 4012 726 4072 hebdomadibus
749 4012 949 4093 expositioni,
983 4010 1056 4086 has,
1084 4026 1149 4067 non
1178 4003 1301 4063 alterius

204 4092 325 4171 utique,
347 4118 435 4174 quarn
454 4099 574 4158 Eusebii
585 4099 726 4177 reliquias
739 4098 801 4157 huc
815 4096 995 4175 colligendas
1009 4104 1040 4155 et
1051 4111 1136 4153 sacro
1150 4109 1233 4149 more
1248 4087 1300 4147 in-

205 4179 343 4237 serendas
362 4184 524 4261 subiungit.
559 4185 664 4257 δοελεῖς
679 4182 712 4245 δὲ
725 4179 778 4257 τοίς
793 4176 828 4247 o'.
842 4178 1012 4262 ἑβδομάδας
1027 4173 1139 4249 οὕτως·
1156 4169 1210 4247 οῦς
1225 4168 1299 4236 imai

205 4261 279 4343 μεταλ
294 4261 351 4345 τήν
374 4264 524 4331 ἐπάνοδον
543 4274 598 4347 τῆς
612 4270 814 4349 αἰχμαλωσίας
828 4265 884 4341 ἕως
900 4270 954 4345 τῆς
970 4263 1134 4340 οἰκοδομῆς
1148 4264 1203 4321 τοῦ
1219 4262 1299 4321 ναοῦ

204 4354 260 4411 τοῦ
281 4353 362 4413 Θεοῦ
367 4374 375 4407 =
392 4350 448 4425 Ιτῦς
472 4352 505 4415 tt
522 4349 666 4432 ἑξήκοντα
687 4348 744 4416 δύο
761 4348 818 4415 σῦν
832 4343 1056 4431 ἄπομενσῦσαος
1073 4350 1138 4417 ταῖς
1160 4340 1234 4405 imai
1253 4344 1298 4417 εἰς

203 4430 257 4500 νῦν
268 4430 377 4519 χρόνον
390 4436 531 4518 κατέσχον
551 4440 583 4500 οἱ
596 4439 719 4519 Χρισοολ
734 4433 915 4521 ἡγούμενοι,
936 4430 993 4516 τήν
1007 4430 1041 4495 di
1053 4431 1126 4511 μίαν
1143 4422 1298 4510 ἑβδομάδα
1379 4460 1381 4464 .
