3109 4959
553 469 988 541 sssnnomnonss.
1241 469 1315 536 sn

224 626 370 690 limitrhus
383 625 614 692 oiroumsmihit.
653 627 786 690 Eundem
799 628 905 707 igitur,
929 648 1016 708 quent
1028 627 1076 688 illi
1089 625 1319 709 Chronologism

225 713 407 792 depingunt,
427 735 491 774 non
508 714 625 774 invitus
639 713 790 774 nominari
807 714 982 791 assentirer,
1010 713 1076 793 quis
1090 712 1198 772 etenim
1216 732 1319 772 rerum

224 799 286 858 suis
298 797 484 878 temporibus
496 808 642 878 gottorum
655 798 794 859 notitiam
809 807 839 857 et
858 800 967 858 tectam
983 799 1074 859 verbo
1090 808 1178 856 tenus
1195 797 1333 876 exponi--

224 881 335 940 tionem
348 904 367 941 a
378 883 527 943 concinne
542 883 755 965 commodeque
769 884 938 944 eorumdem
957 903 1012 964 per
1027 893 1163 962 tempore
1177 880 1321 941 distribu-

225 967 308 1026 tione
330 976 361 1028 et
380 967 581 1049 dososiptione
600 979 693 1050 ponet
709 968 881 1036 diversam?
908 967 1026 1048 Ecquid
1047 965 1154 1028 secreti
1173 973 1204 1025 et
1219 966 1319 1025 moeni

224 1049 424 1130 chronologia
441 1053 584 1130 involvit,
614 1054 697 1133 quod
714 1052 882 1134 exprimere
909 1062 1035 1134 nequent
1055 1047 1319 1131 chronogrophisl

224 1135 283 1193 rtiei
304 1136 533 1216 Chronologism
554 1158 623 1198 eom
648 1139 797 1216 scaligero
821 1137 937 1215 dicam,
964 1146 994 1198 et
1017 1157 1086 1197 cum
1105 1135 1224 1196 Peteoio
1245 1153 1320 1194 cen·-

222 1239 318 1295 semn,
341 1241 417 1299 quse
435 1223 594 1283 intervallo
609 1233 793 1303 temporum,
814 1230 845 1280 e't
864 1218 974 1300 ἕποχᾶς
994 1222 1160 1296 examinat,
1182 1227 1274 1279 metes
1290 1228 1319 1277 et

223 1305 367 1363 terminos
380 1307 547 1366 intervallis
563 1307 687 1383 statuit,
709 1317 738 1366 ct
752 1301 847 1366 annos
862 1306 989 1384 donique
1003 1308 1145 1365 collectos
1157 1325 1175 1362 a
1193 1311 1274 1362 certo
1290 1312 1320 1361 et

222 1386 390 1447 indubitato
407 1390 494 1448 initio
515 1392 552 1449 od
576 1402 688 1449 certam
707 1393 797 1452 linem
819 1392 972 1471 perducit:
1000 1400 1030 1454 et
1046 1386 1321 1467 chronographiam

224 1472 366 1550 subinde,
388 1494 464 1552 quoe
477 1474 524 1533 his
534 1475 681 1534 instructo
694 1474 873 1534 rudimentis
886 1477 1058 1554 priscorum
1071 1475 1150 1535 secto
1164 1473 1224 1532 suis
1241 1480 1322 1529 tem-

224 1556 350 1636 poribus
366 1559 513 1636 assignare
526 1558 630 1634 novit,
654 1568 684 1617 et
703 1579 766 1618 non
783 1557 887 1618 ordine
903 1561 993 1618 inodo
1012 1559 1190 1637 disponere,
1213 1555 1319 1614 esdod

223 1641 355 1702 invicem
381 1663 557 1723 componere
581 1643 671 1703 certis
693 1643 873 1721 argumentis
898 1643 1003 1702 edocto
1030 1651 1084 1702 est.
1123 1642 1203 1706 ..Uno
1226 1639 1319 1699 verbo

224 1745 313 1802 quam
331 1747 433 1785 rerum
450 1739 479 1788 et
494 1727 650 1788 hominum
671 1748 741 1787 cum
755 1738 891 1806 temporo
912 1727 1021 1787 certius
1038 1729 1195 1786 observato
1213 1725 1318 1784 seriem

222 1808 256 1868 in
280 1809 341 1867 suis
365 1808 522 1868 Chronieis
545 1811 686 1872 authores
706 1813 962 1891 contemplantur,
984 1811 1105 1870 eorrdcm
1126 1809 1159 1871 ἐν
1179 1809 1256 1893 τῷδε
1276 1812 1319 1892 τῷ

223 1897 373 1976 gpomnpi,v
397 1895 447 1953 vel
467 1897 694 1975 χρονογραφίῳ,
724 1896 788 1978 sige
812 1896 1017 1979 gpovoyoooip
1044 1892 1188 1971 Georgius
1216 1902 1318 1952 noster

223 1978 364 2058 exponit,
386 1987 466 2038 etex
479 1978 693 2055 chronologiae
708 1974 814 2055 quibus
829 1978 999 2055 frequenter
1012 1977 1111 2038 utitur
1128 1977 1318 2058 praeceptio·

222 2061 313 2123 nibus
327 2063 450 2141 digerit,
470 2063 549 2122 etin
560 2063 639 2122 bono
653 2062 766 2128 lumine
779 2062 919 2121 collocet.

308 2161 474 2245 Διαφόρως
486 2161 543 2245 poio
555 2160 636 2244 nopoi
649 2157 828 2246 διαφόροις]
843 2162 932 2222 Haud
946 2161 1052 2221 melius
1064 2158 1222 2219 discrimen
1236 2159 1319 2220 istud

224 2270 312 2329 quem
331 2249 526 2326 exsseeligeri
542 2247 713 2326 Peteviique
727 2249 866 2313 doctrino
882 2247 919 2305 de
933 2256 1065 2327 tempore
1084 2245 1243 2325 percipies.

309 2353 376 2429 Peg.
399 2358 429 2416 7.
452 2349 524 2412 Etsi
539 2347 571 2410 δὲ
586 2350 620 2410 oi
631 2356 708 2431 τρεῖς
723 2349 887 2432 διαφοραί]
905 2349 1010 2408 Trium
1024 2348 1149 2406 istarum
1162 2346 1318 2405 nationum

223 2457 338 2497 menses
361 2436 396 2493 sd
418 2435 546 2494 invicem
570 2435 760 2514 compositos,
780 2455 818 2492 ox
833 2454 892 2513 quo
910 2434 1038 2492 maxime
1050 2433 1105 2491 fixi
1120 2431 1233 2491 redditi
1245 2439 1317 2489 sunt

223 2523 304 2600 apud
319 2520 498 2599 Aegyptios,
520 2520 645 2600 proprio
667 2521 828 2596 tabulario,
857 2540 895 2578 ex
915 2519 1034 2598 Georgii
1051 2517 1148 2580 nostri
1159 2516 1251 2577 Nisen
1267 2533 1317 2571 cn-

223 2617 281 2686 put
294 2607 450 2666 immotum
464 2606 574 2685 ubique
589 2605 772 2686 reputantis,
796 2603 945 2686 conspice.
