3109 4959
246 403 298 479 42
623 416 664 485 G.
686 415 730 484 G.
750 416 958 485 Buauovll

246 570 408 634 omnino
434 571 578 645 ostendit,
600 570 633 637 ἐν
651 578 717 648 τοῖς
735 573 883 654 Koprates
894 571 938 653 ²¹)
960 574 1048 633 etiam
1068 568 1199 631 Cbimica
1214 579 1333 650 pertra-

246 666 326 718 ctata
344 657 445 719 fuisse.
475 659 535 720 ctr.
549 657 678 718 Fabricii
689 659 764 719 Bibl.
782 660 834 719 Gr.
846 659 914 719 Vol.
932 660 952 719 l.
970 680 1038 741 pag.
1053 662 1104 725 63.
1124 689 1167 703 -
1188 657 1333 731 Georgius

245 743 267 805 1.
285 764 312 804 c.
327 738 457 803 duorum
477 742 625 803 llermetis
640 744 784 803 librorum
798 744 968 803 testimonia
985 742 1156 821 eorriungit,
1178 746 1237 803 τῶν
1253 744 1274 799 I
1276 744 1334 802 ἐνι-

244 831 311 890 sats
334 824 467 890 καὶτῶν
488 830 682 910 depavidosv,
704 849 817 908 neque,
838 830 866 889 si
885 830 1004 906 Georgii
1024 827 1115 902 rerba
1138 845 1204 906 pag.
1224 827 1275 890 52
1299 824 1333 883 B.

242 910 521 991 incorruptarum,
543 914 689 974 coniicere
703 915 790 989 lieet,
810 934 903 974 anum
921 914 1033 974 librum
1047 913 1163 972 duobus
1178 910 1273 970 titulis
1286 909 1333 967 iu·

242 997 348 1072 scribi;
369 998 477 1077 legitur
490 998 585 1059 enim:
607 995 706 1080 ὥσπερ
718 998 784 1062 aui
796 999 829 1062 ἐν
841 1006 903 1073 τοῖς
917 1004 1051 1071 Γενιιιοῖς
1063 1001 1119 1059 τοῦ
1127 996 1249 1075 Ἑρμοῦ,
1269 992 1334 1056 sal

242 1080 277 1146 ἓν
297 1088 362 1155 ταῖς
377 1085 525 1164 Κυρονίσι
549 1085 663 1166 βίβλοις
685 1085 808 1164 εἴρηται.
849 1080 937 1146 Eteri
953 1079 1060 1146 Ferenti
1072 1082 1133 1142 sive
1147 1082 1179 1143 ui
1189 1073 1272 1160 trigon
1282 1100 1334 1160 ga·

243 1168 325 1231 νιιισί
348 1168 465 1247 saepius
488 1169 635 1241 citantur,
659 1179 689 1229 et
703 1169 801 1229 ubivis
816 1169 880 1229 sine
896 1169 1010 1229 adiecto
1025 1168 1115 1227 titulo
1129 1170 1189 1227 seir
1204 1162 1334 1246 linguai-

244 1254 316 1315 δοον.
358 1252 427 1331 Egit
449 1254 571 1314 llermes
591 1254 624 1313 in
639 1255 758 1315 Genicis
779 1256 817 1315 de
835 1255 983 1315 creatione
1001 1274 1102 1314 rerum
1117 1250 1261 1329 generali,
1284 1270 1334 1311 τιε·

244 1335 278 1417 pl
294 1332 373 1401 itaer
393 1333 494 1418 ἆρχῶν
516 1338 604 1421 (vide
615 1332 685 1400 ¹luca
701 1336 857 1419 probaiiiia
870 1340 902 1399 in
915 1339 1044 1399 Fabricii
1057 1334 1197 1397 Bibliotb.
1212 1356 1255 1412 gr.
1270 1334 1335 1393 Vol.

244 1421 269 1484 l.
286 1441 351 1501 pag.
361 1422 516 1502 77-79),
537 1426 586 1483 cui
597 1445 658 1483 nou
675 1427 772 1484 aliena
785 1436 830 1483 est
843 1427 940 1483 linitio
952 1423 1111 1503 temporie,
1134 1440 1193 1500 quo
1208 1420 1335 1478 arundus

245 1516 362 1565 creatus
382 1507 430 1566 sit.
470 1508 536 1566 lloc
557 1507 659 1567 linivit
671 1509 710 1567 ad
725 1508 931 1585 astrologicam
951 1508 1097 1567 rationem
1112 1504 1334 1581 Aegyptiorum,

244 1608 336 1670 quam
348 1599 377 1650 et
393 1591 522 1651 Graecos
536 1602 677 1671 sequutus
690 1614 752 1653 esse
766 1592 909 1670 Georgius
923 1601 1069 1652 testatur:
1091 1590 1234 1649 murratum
1250 1607 1334 1646 caca·

244 1683 311 1735 tum
333 1696 396 1735 esse
418 1686 488 1736 aute
505 1679 637 1757 quinque
658 1686 687 1737 et
709 1678 818 1756 viginti
837 1679 979 1736 circuitus
1001 1675 1129 1736 Zodiaci.
1171 1672 1336 1732 Circuituua

243 1779 317 1820 vero
338 1760 473 1838 Zodiaci,
495 1756 734 1826 ἀποκατάστασιν
753 1759 903 1843 naupactis
922 1782 973 1821 seu
989 1766 1046 1824 ausi
1072 1760 1233 1833 ζωδιακοῦ,
1254 1777 1331 1817 cona

244 1844 337 1925 plecti
356 1867 449 1906 aunos
464 1848 562 1923 1461,
585 1849 692 1927 quibus
708 1849 820 1907 exactis
835 1848 1055 1927 aequinoctium
1075 1845 1113 1902 ad
1125 1844 1254 1924 primum
1268 1862 1337 1921 gra·

245 1929 316 1990 dum
334 1930 411 2010 signi
430 1932 540 1991 Arietis
558 1934 656 1992 redire
669 1931 727 2019 ²²).
771 1934 937 2012 Quinquies
951 1954 1023 1992 vero
1034 1929 1156 2008 vigesies
1172 1930 1251 1995 1461
1264 1929 1337 1988 red·

199 2045 203 2056 ν
245 2012 324 2075 dunt
338 2037 431 2076 annos
446 2017 556 2076 solares
571 2017 697 2094 36,525,
719 2021 910 2098 eamdemque
925 2038 1070 2077 annorum
1088 2035 1229 2074 summm
1243 2014 1337 2072 Vetus

246 2118 363 2179 quoque
386 2102 556 2161 Chronicou
570 2098 649 2186 (pag.
664 2105 716 2169 51.
736 2105 767 2164 C.
779 2102 833 2183 b.)
854 2103 976 2181 triginta
991 2101 1141 2181 llynastiis
1155 2120 1256 2177 regum
1277 2098 1338 2157 Δο-

244 2185 418 2263 gyptiorum
431 2188 545 2246 tribuit.
562 2221 600 2231 —
624 2189 768 2265 Georgius
782 2200 880 2247 autem
892 2188 951 2247 hoc
963 2188 1028 2246 lieri
1040 2206 1124 2265 posse
1137 2194 1233 2259 negat,
1255 2182 1337 2261 quud

245 2277 313 2327 ante
336 2269 484 2329 diluvium
507 2270 540 2333 ἐν
567 2272 608 2356 τῇ
625 2268 820 2355 θεοπνεύστςο
842 2276 948 2355 γραφῇ
967 2272 1079 2330 nullius
1101 2269 1184 2344 regui
1203 2269 1235 2324 in
1257 2277 1337 2325 terra

244 2353 356 2413 mentio
382 2356 460 2413 facta
480 2355 534 2433 sit3
557 2354 654 2433 quid?
677 2356 762 2436 quod
780 2356 979 2414 barchoatro
1003 2366 1084 2413 terra
1098 2364 1168 2409 ‹srste
1183 2350 1338 2421 didrachma

279 2537 330 2605 21)
346 2535 497 2593 Rectissime
509 2538 575 2593 banc
588 2556 677 2594 vocem
693 2558 709 2593 e
726 2539 814 2607 lingna
827 2538 938 2593 Arabica
955 2535 1108 2591 deduceret
1125 2536 1284 2589 collectiones
1296 2532 1338 2587 in·

315 2608 483 2675 terpreteris:
501 2609 597 2662 citatur
610 2609 720 2679 Cyrenis
733 2611 831 2678 prima,
848 2609 974 2670 secunda,
998 2606 1141 2676 Cyraasides
1159 2604 1288 2674 antiquae.
1302 2633 1337 2643 -

314 2675 345 2727 ln
358 2677 442 2729 aliena
454 2679 549 2731 abeunt
561 2678 678 2747 Scaliger
686 2687 713 2732 et
726 2680 838 2731 Geams.
904 2680 953 2742 22)
970 2677 1041 2728 llaec
1056 2672 1275 2737 ἀποκατάστασις
1286 2675 1340 2729 τοῦ

312 2745 452 2808 ζωδιακοῦ
468 2765 517 2799 nen
534 2748 578 2799 illc
598 2766 697 2801 anstuus
715 2766 834 2801 recessus
855 2747 923 2799 Solis
943 2746 970 2797 in
985 2744 1084 2814 ltclipsi
1105 2755 1157 2808 est,
1175 2762 1226 2814 quo
1241 2745 1286 2803 iit,
1308 2750 1338 2794 nt

314 2814 377 2876 sn,
399 2814 610 2882 quiinsaeculis
629 2817 837 2869 antechristum
857 2823 943 2867 natum
960 2815 987 2867 in
1006 2816 1081 2881 signo
1100 2814 1197 2867 Arietis
1216 2810 1336 2879 aequino-
1382 2837 1385 2840 ·

313 2880 391 2931 etium
404 2884 508 2935 veniale
523 2885 628 2947 iecerit,
646 2892 733 2936 nestro
746 2892 861 2952 tempere
877 2885 903 2935 in
918 2884 999 2935 stellis
1014 2882 1126 2933 Piscium
1142 2882 1237 2933 saciat:
1254 2876 1337 2945 quiin

312 2947 432 2999 circulum
444 2950 546 3004 rediens
564 2969 679 3004 recessus
709 2959 840 3003 stractomm
855 2951 1073 3019 aequinoctialium
1084 2952 1158 3000 sannis
1170 2948 1265 3010 aaut
1276 2962 1337 2997 eon-

313 3025 458 3068 summatur.
492 3018 569 3069 Hunc
584 3037 675 3071 anisum
690 2970 865 3081 inmissam,
883 3036 957 3087 (quem
976 3018 1119 3069 astronomi
1138 3023 1244 3076 sonant,
1261 3032 1278 3065 a
1291 3031 1338 3067 ve-

314 3085 413 3137 teribus
425 3087 600 3155 percugnitum
614 3088 708 3155 luisse,
726 3104 775 3138 non
789 3086 901 3154 reperio.
935 3086 1004 3138 ΙΙΙιιιιι
1018 3087 1084 3138 enim
1096 3103 1221 3167 magnum
1233 3102 1338 3150 οιιιιιιιιι,

314 3171 391 3225 quem
409 3154 498 3219 Plato,
516 3156 668 3209 Aristotcles
685 3155 778 3224 aliique
799 3155 946 3224 Philosophi
970 3163 997 3206 et
1015 3158 1160 3206 hstrououn
1180 3156 1339 3205 Graecorum

315 3223 488 3293 quaerebant,
505 3225 590 3277 reditu
605 3234 751 3278 cunctorum
768 3233 902 3287 astrorum,
919 3231 965 3276 aut
978 3229 1048 3276 certe
1061 3222 1140 3285 Solis,
1158 3225 1253 3285 latinae,
1269 3222 1338 3275 Ter-

314 3309 362 3345 rae
377 3309 407 3344 ac
430 3300 588 3347 eaeteramm
606 3294 782 3357 Pluuetamm,
800 3293 832 3345 su
852 3294 934 3355 idem,
952 3292 1018 3343 unde
1038 3292 1115 3345 acnrel
1138 3292 1255 3361 proiecta
1276 3292 1339 3354 sint,

316 3359 403 3413 metiri
416 3363 500 3415 curiati
515 3373 583 3416 suut.
603 3364 717 3431 (Cicero
728 3364 815 3416 Semta.
828 3362 957 3431 Scipionis
973 3379 997 3413 c.
1010 3363 1042 3424 73
1060 3362 1213 3413 Plutarchus
1226 3359 1263 3427 (si
1276 3360 1340 3413 Plu-

314 3430 420 3482 tarchus
433 3434 516 3499 essct)
532 3433 565 3485 de
582 3433 688 3486 Placitis
700 3432 849 3501 Philosopb.
862 3434 888 3487 8.
905 3450 929 3484 c.
942 3434 986 3488 32.
1003 3430 1159 3483 Cerrsorinus
1176 3449 1198 3483 c
1214 3430 1274 3496 18.)
1288 3433 1340 3482 Ατ-

315 3497 409 3564 gyptia
419 3502 603 3567 apocatastasis
616 3502 730 3555 Zodiaci·
736 3501 860 3570 originem
871 3502 944 3555 duxit
957 3518 973 3553 a
989 3518 1070 3569 prave
1086 3500 1158 3553 biritu
1171 3516 1273 3551 numero
1283 3497 1340 3548 dio-

316 3582 371 3616 mm
390 3568 459 3619 anisi.
494 3572 710 3639 computaverant
729 3572 796 3623 ernian
815 3571 842 3624 iu
861 3571 921 3624 arani
941 3570 1051 3640 spatium
1068 3572 1120 3625 365
1139 3568 1195 3619 dies
1207 3568 1262 3618 sine
1274 3581 1339 3634 qua·

317 3634 418 3685 drame.
454 3636 511 3690 Hac
528 3640 628 3693 ratione
646 3640 745 3709 posita,
764 3640 876 3693 errorem
891 3640 983 3692 calculi
999 3639 1073 3692 brevi
1091 3646 1205 3705 tempore
1218 3632 1340 3702 cognosci

269 3712 272 3718 '
316 3718 421 3782 necesse
443 3711 496 3766 ast,
514 3725 640 3777 quumque
657 3709 781 3778 Aegyptii
798 3710 894 3761 eoelum
907 3711 1044 3761 observare
1060 3714 1188 3766 amarem,
1204 3703 1271 3753 haud
1291 3703 1339 3755 im-

317 3770 406 3841 pedita
425 3775 612 3841 computatione
633 3795 697 3846 opus
717 3778 781 3841 luit,
798 3786 829 3829 ut
846 3798 861 3831 e
879 3778 1018 3831 mutatione
1041 3771 1211 3843 aequinoctii,
1228 3789 1295 3841 quaa
1311 3770 1339 3824 iu

317 3838 391 3894 annis
409 3839 503 3907 viginti
521 3842 591 3896 lacta
609 3854 679 3911 erat,
696 3847 875 3913 colligeretur,
898 3866 950 3928 quo
969 3844 1089 3913 temporis
1109 3840 1193 3911 spatio
1216 3840 1341 3910 sesquino-

318 3908 396 3963 ctium
410 3908 443 3960 ad
455 3909 559 3977 primum
571 3912 666 3966 Arietis
678 3915 785 3983 gradum
794 3913 847 3983 (o')
858 3916 998 3969 rediturum
1010 3919 1087 3965 esset.
1123 3911 1276 3981 Numquam
1293 3927 1339 3963 an·

319 3977 360 4029 nis
375 3983 484 4046 quatuor
494 3979 592 4030 exactis
608 3997 672 4033 unus
686 3984 741 4036 dies
752 3985 870 4047 deesset,
888 3991 918 4035 ut
930 3986 967 4036 sol
981 3983 1014 4033 ad
1027 3982 1104 4042 idem,
1122 3979 1189 4032 mide
1208 3981 1340 4052 proiectus

318 4051 390 4109 erat,
407 4046 542 4111 rediissem
558 4064 634 4115 quum
654 4060 713 4118 post
733 4061 792 4103 octo
806 4070 886 4104 annes
908 4052 959 4103 duo
972 4052 1027 4101 dies
1039 4049 1159 4101 deessent
1172 4053 1239 4103 etc-a
1257 4050 1340 4101 circas-

319 4113 369 4166 lum
396 4116 538 4168 absolutum
566 4133 623 4169 esse
644 4134 748 4171 necesse
769 4127 840 4183 erat,
866 4127 925 4189 post
943 4128 1035 4187 quater
1061 4118 1112 4171 3n5
1130 4117 1340 4175 annos=1tou

317 4182 395 4245 Quod
410 4201 471 4237 vero
482 4186 605 4255 Aegyptii
618 4186 678 4237 huie
689 4188 787 4239 circulo
803 4192 867 4242 1461
887 4206 965 4240 aursus
978 4188 1141 4250 tribuerunt,
1158 4206 1192 4241 ex
1208 4207 1238 4242 eo
1260 4204 1342 4256 appa-

317 4258 375 4315 ret,
391 4269 409 4305 a
426 4270 490 4307 vera
508 4254 655 4322 cognitione
673 4256 856 4323 magnitudinis
870 4256 931 4309 anui
950 4275 994 4309 eos
1008 4257 1084 4325 longe
1098 4257 1228 4311 abfuisse:
1244 4256 1342 4309 rectius

319 4319 385 4371 enim
398 4337 475 4373 unum
489 4339 581 4376 annum
593 4322 742 4388 eiecissent,
759 4325 877 4393 quoniam
891 4325 952 4378 anni
970 4333 1071 4397 tempus
1085 4326 1166 4380 minus
1182 4343 1257 4399 qaum
1266 4323 1342 4394 ³⁶⁵l

317 4386 375 4441 dies
389 4390 581 4461 complectitur3
598 4395 647 4451 11¹
661 4389 718 4451 ΙΨ
731 4394 803 4451 8οΨ
815 4393 954 4466 quadranti
966 4394 1069 4450 desunt.
