3109 4959
255 444 330 523 618
621 450 969 524 EMENDATIONES

252 617 344 674 iussu
355 612 522 673 Ptolemaei
539 606 785 670 adolescentioris
800 613 941 690 gratiam
953 612 1079 669 victoris
1100 608 1242 668 Caesaris
1261 611 1346 667 occi·

252 721 307 759 eus
325 710 387 757 eat:
408 708 437 757 et
460 718 525 777 cap.
547 696 691 775 sequenti.
738 694 965 756 Alexandrinos
983 716 1083 752 earnes
1102 694 1148 753 ad
1160 694 1343 753 deditionem

253 782 456 863 desperatione
474 784 588 843 Caesar
601 783 763 861 compulit,
785 802 910 860 regnam
925 778 1058 859 Aegypti
1075 779 1251 858 Cleopatrae
1268 777 1344 858 (so-

252 867 334 950 rori)
347 866 441 928 dedit.
481 868 535 926 llle'
550 866 656 931 histor.
671 869 754 928 Rom.
770 866 822 926 lib.
839 873 869 932 6.
906 868 1014 925 Victus
1027 869 1191 943 Pompeius
1203 877 1230 923 et
1238 868 1344 943 faga-

253 962 307 1012 tas
320 950 543 1011 Alexandriam
556 955 662 1030 petiit,
685 963 721 1009 ut
733 972 754 1009 a
767 973 835 1031 rege
846 950 994 1027 Aegrpti,
1017 953 1070 1008 cui
1085 971 1106 1007 a
1126 952 1240 1008 Senatu
1259 960 1344 1007 tutor

254 1035 346 1096 datas
355 1040 481 1114 fuerat,
498 1048 623 1116 propter
637 1038 797 1095 iuverrilrm
807 1039 873 1093 eins
885 1046 1028 1110 aetatem,
1049 1038 1195 1112 acceperet
1208 1034 1343 1093 auxilia.

252 1120 292 1183 Et
305 1120 395 1188 inira.
433 1124 507 1182 Mox
528 1122 642 1181 caesar·
659 1119 884 1192 Alexandriam
902 1124 999 1180 versit:
1028 1122 1090 1197 ipsi
1110 1141 1231 1198 quoque
1248 1118 1345 1179 Ptole-

252 1227 358 1266 maeas
374 1228 488 1286 parare
504 1208 602 1266 voluit
626 1204 768 1267 insidias.
806 1207 877 1283 Qua
897 1226 995 1263 cerasa
1014 1204 1127 1262 bellam
1140 1208 1207 1284 regi
1221 1204 1345 1261 illatam

252 1302 312 1351 eet.-
341 1294 450 1353 Viotas
466 1296 500 1351 in
513 1292 585 1351 Nilo
595 1294 703 1370 periit:
726 1294 937 1370 irroratamqae
950 1301 995 1349 est
1006 1310 1118 1367 corpas
1131 1292 1197 1347 eius
1211 1310 1279 1347 cam
1296 1288 1345 1345 lo·

252 1378 320 1435 rica
342 1398 448 1439 aurea.
499 1378 613 1436 Cacsar
630 1374 823 1435 Alexandria
845 1379 984 1453 potitus,
1012 1396 1140 1451 regnam
1169 1371 1346 1452 Cleopatrae

252 1458 351 1536 dedit,
373 1463 540 1521 Ptolemaei
558 1464 674 1538 sorori,
698 1482 767 1518 cunr
783 1479 847 1536 qua
859 1458 1106 1517 coresuetnde'nem
1117 1463 1216 1536 stupri
1228 1458 1346 1513 herbae-

252 1554 318 1617 rat,
342 1566 419 1623 qaae
437 1556 545 1623 postea
568 1538 650 1620 r‘egio
672 1548 821 1601 crimitatn
845 1546 949 1600 urbem
969 1545 1109 1619 ingressa
1134 1554 1193 1599 est:
1222 1542 1348 1599 Faveret

252 1627 399 1687 Eusebius
420 1629 495 1705 regis
514 1628 598 1687 istius
613 1626 811 1685 adolescentis
830 1647 939 1705 regno,
961 1630 1013 1705 qui
1032 1636 1118 1684 sexto
1133 1635 1250 1685 tantum
1266 1645 1346 1683 anno

254 1712 439 1791 Cleopatram
452 1713 560 1790 regiam
574 1712 676 1771 urbem
688 1712 849 1789 ingressam
864 1721 983 1784 narrat,
1005 1712 1065 1770 nisi
1078 1710 1236 1770 Ptolemaei
1252 1730 1346 1768 annos

251 1797 363 1856 sororis
377 1797 436 1855 iarn
450 1796 623 1878 imperantis
639 1796 726 1855 antris
742 1796 876 1855 inclusos
891 1805 1042 1855 statueret.
1064 1796 1154 1869 Quod
1169 1816 1262 1875 porro
1276 1797 1346 1854 Sca·

250 1880 326 1959 liger
338 1882 426 1939 modo
442 1882 578 1958 Georgii,
599 1882 689 1939 modo
706 1882 826 1939 Eusebii
840 1882 972 1940 calculos
987 1883 1074 1957 plane
1086 1879 1223 1939 diversos
1234 1900 1346 1958 sequn-

252 1974 317 2039 tus,
340 1964 470 2023 eiusdem
498 1986 547 2041 reg
550 1964 574 2023 is
597 1964 724 2043 tempori
749 1972 824 2043 puta
847 1964 1015 2040 Physconis
1038 1964 1137 2041 primo
1161 1984 1214 2022 reo
1196 1985 1269 2040 nno,
1295 1963 1347 2021 hic

253 2048 418 2109 octodecim
437 2068 504 2129 pag.
523 2010 572 2115 56.
598 2048 678 2107 alibi
691 2052 739 2113 17
767 2067 834 2126 pag.
856 2053 926 2114 179.
952 2046 1116 2105 Alexandri
1138 2066 1229 2122 rere,
1257 2042 1348 2104 niodo

253 2134 424 2213 quindecim
440 2155 507 2214 pag.
521 2137 573 2199 36.
587 2133 676 2191 modo
694 2133 795 2192 decem
808 2151 876 2211 pag.
866 2136 944 2197 ..69
959 2152 1053 2190 annos
1068 2132 1211 2205 ascribat3
1233 2129 1348 2189 indicio

252 2227 298 2278 est
311 2218 399 2278 obvia
412 2236 546 2299 quasque
558 2218 591 2276 in
610 2217 736 2297 Georgia
750 2216 786 2274 ab
802 2216 931 2276 Eusebio
949 2216 1082 2276 derivata
1096 2215 1253 2275 cerrsnisse.
1285 2216 1347 2291 Ego

252 2303 371 2380 quidem
393 2304 523 2362 calculos
545 2302 725 2362 Eusebianos
743 2301 917 2380 Georgianis
941 2301 1115 2381 reparandis
1134 2301 1347 2360 acconnnoda·

86 2432 88 2437 .
183 2443 185 2448 ,
252 2388 502 2448 tissimossateor.
545 2386 662 2445 Etenim
676 2386 701 2445 si
720 2387 857 2445 emundi
874 2388 967 2451 5380.
981 2407 1040 2463 quo
1056 2406 1094 2446 ex
1110 2385 1272 2444 emendatis
1283 2385 1348 2444 Au·

220 2485 223 2490 ·
252 2470 349 2529 thoris
367 2472 474 2531 tabulis
487 2470 669 2531 Ptolemaeus
686 2470 825 2550 Physcon
838 2490 962 2549 regnum
974 2471 1053 2547 iniit,
1074 2491 1168 2529 ιιιιιοι
1181 2470 1348 2549 septemde-

254 2556 312 2615 cim
328 2556 442 2636 primae
463 2556 526 2614 eius
540 2556 573 2613 in
593 2576 683 2634 regno
707 2576 808 2615 morae
830 2576 867 2615 ex
888 2555 1014 2614 Eusebio
1031 2554 1262 2629 contulerimus,
1283 2564 1348 2613 tum

254 2642 340 2699 tratri
354 2640 542 2715 Alexandro,
563 2639 679 2717 decenn
703 2663 738 2699 ac
750 2642 843 2700 eidem
861 2639 1008 2717 l'hysconi
1029 2640 1155 2719 repetito
1172 2639 1204 2697 in
1223 2658 1348 2716 regnam

253 2727 546 2785 1·sversoaliosocto
563 2746 656 2784 arrnos
672 2746 688 2783 a
704 2726 809 2783 mundi
826 2726 919 2791 4407.
935 2725 1148 2804 auspicandos;
1171 2723 1279 2783 deinde
1292 2743 1348 2782 ve·

253 2829 287 2868 ro
303 2833 317 2867 a
333 2811 437 2869 mundi
451 2804 543 2877 64'15.
558 2811 595 2869 ad
610 2811 703 2877 5445.
719 2810 877 2870 Ptolemaei
899 2808 1040 2887 llionysi,
1062 2810 1149 2868 cuius
1169 2830 1278 2868 stamen
1291 2807 1349 2867 ha-

254 2892 303 2952 bet
317 2896 458 2972 Georgius
474 2915 502 2972 p.
518 2898 589 2959 303.
606 2897 639 2954 A.
655 2915 710 2974 per
729 2916 824 2954 annos
847 2896 898 2959 30.
922 2915 991 2953 cum
1013 2895 1140 2953 Eusebio
1158 2892 1350 2973 protenderi-

254 2998 338 3053 ntus,
360 2998 431 3037 mox
455 2978 689 3040 Ptolomaeorum
712 2980 820 3039 ultimo
840 2979 1013 3057 Cleopatrae
1030 2980 1115 3039 fratri
1131 2979 1217 3037 antris
1233 2998 1286 3037 sex
1300 2987 1350 3035 at-

253 3061 429 3138 tributis,a
456 3063 562 3121 mundi
588 3063 680 3127 5445.
703 3065 740 3122 ad
764 3066 857 3129 5460.
880 3070 942 3139 quo
962 3084 979 3120 a
1000 3063 1184 3122 Caesarianis
1204 3062 1349 3122 militibus

254 3148 371 3205 occisus
393 3157 454 3221 est,
477 3147 634 3225 Cleopatra
654 3168 757 3207 sorore
777 3146 882 3204 rrnrndl
906 3147 995 3210 5451.
1026 3148 1064 3205 ad
1085 3168 1209 3225 regnum
1236 3156 1349 3221 evecta,

255 3227 407 3310 pastellos
422 3232 569 3291 exercitae
586 3232 741 3330 potestatis
753 3233 850 3309 regiae
864 3230 939 3289 duos
952 3251 987 3287 ac
1001 3231 1107 3308 viginti
1119 3253 1230 3308 annos,
1251 3232 1352 3309 Aegy·

254 3325 342 3395 ptus,
363 3325 448 3395 parta
469 3316 549 3396 apud
570 3315 691 3375 Actium
710 3315 853 3389 victoria,
873 3315 978 3374 mundi
999 3315 1351 3382 64721lomanunriu·

255 3420 325 3477 gum
348 3400 462 3473 subir,e
484 3410 515 3459 et
536 3400 682 3461 Authoris
703 3422 768 3481 pag.
787 3405 859 3467 308.
882 3402 915 3462 Ι).
940 3401 1141 3479 compositos,
1167 3411 1198 3460 et
1218 3396 1352 3459 Africani

255 3483 345 3542 dictis
368 3484 584 3543 consentientes
613 3487 743 3547 calculos
768 3484 934 3547 reddidisse
957 3486 1165 3565 apparebit.
1176 3486 1220 3543 De
1243 3480 1352 3560 quibus

254 3588 309 3627 suo
330 3568 398 3625 loco
414 3566 601 3627 tractabitur.

163 3653 193 3705 Ρ.
206 3651 242 3709 72
344 3651 412 3727 Peg.
434 3655 505 3716 291.
529 3646 618 3730 Herod
635 3648 793 3730 Milyae]
824 3654 989 3730 Corruptae
1018 3649 1159 3709 dictionis
1186 3646 1353 3710 emendatio

253 3736 405 3814 scaligero
420 3754 487 3814 pag.
481 3734 572 3799 .259.
592 3733 700 3799 debita.
727 3737 853 3814 Reliqua
868 3734 1033 3816 praesentis
1045 3735 1226 3793 narrationis
1241 3734 1353 3795 omittit

255 3823 320 3903 ipse
334 3829 436 3879 textus
450 3836 523 3921 ἕως.
535 3822 587 3882 57·

341 3900 381 3967 Ti
396 3906 522 4002 πρῶτονΙ
534 3900 584 3980 ἔτη
603 3924 621 3981 γ
621 3893 652 3979 ’.]
674 3898 780 3960 Verbis
800 3900 883 3961 hisce
903 3922 921 3959 a
939 3899 1113 3977 scaligero
1102 3902 1228 3962 rnrersis
1246 3922 1352 3964 sensus

255 3990 407 4050 adimitur.
430 3981 606 4088 Δημήτριος
617 3984 808 4065 Δημητρίου,
830 3981 957 4047 ὅκα)
922 4008 955 4047 το
972 3989 1093 4067 πρῶτον
1102 3989 1280 4070 Sapientiae
1295 3986 1352 4089 (ita

239 4072 326 4152 ‘legit
341 4071 412 4153 ille)
435 4067 528 4152 ἒιη’
503 4097 540 4155 y.
570 4069 734 4129 Emendare
753 4069 876 4127 molitus
892 4070 964 4128 clar
957 4090 1002 4127 rus
1025 4073 1216 4151 reposuisset.
1239 4067 1352 4175 Δημή-

255 4182 336 4261 eptae
356 4158 376 4222 o‘
392 4158 444 4221 καὶ
465 4155 630 4257 iripoleos
657 4147 804 4232 α’δελφος,
823 4154 876 4228 (da
891 4173 950 4251 qua
966 4174 1039 4214 voca
1061 4164 1216 4235 pag.292.
1237 4157 1295 4236 1).)
1316 4152 1352 4216 τι)

255 4248 375 4322 πρῶτον
387 4237 487 4322 lray'.
512 4259 636 4319 rognum
653 4238 731 4297 enim
755 4238 846 4299 semel
868 4238 1006 4299 amissum
1023 4241 1130 4301 deinde
1143 4239 1353 4329 recuperavit,

257 4334 288 4385 ct
301 4324 437 4385 nonnihil
451 4326 528 4384 infra
547 4321 715 4383 Antiochus
736 4322 892 4382 Sidetas
866 4343 930 4383 esus
945 4324 1036 4384 frater
1050 4315 1200 4387 asseritur.

343 4402 486 4487 Οὗτος
455 4432 506 4475 ιον
526 4401 700 4492 Τρύφωνι]
723 4407 802 4471 Haec
814 4408 853 4471 ud
866 4408 1008 4472 Antiochi
1025 4411 1133 4475 Sidctis
1150 4427 1260 4471 nomeu
1274 4406 1354 4488 apud
