3109 4959
561 407 621 474 ET
641 407 993 477 ANNOTATIONES.
1218 396 1293 471 447

207 562 336 625 tioribus
350 561 508 622 admiscere
522 561 675 642 probatur.
710 564 873 622 Teutaeum
888 562 967 620 enim
985 562 1021 622 sd
1035 583 1147 622 annum
1161 563 1295 626 Abrahae

208 649 281 715 848.
295 649 457 727 Crotopuin
471 647 510 705 ad
529 647 657 708 eiusdem
671 647 742 713 511.
757 648 850 707 refert
866 646 1008 708 Eusebius
1021 649 1053 706 in
1065 647 1225 708 Chronico.

298 772 364 828 Trio
377 765 408 840 ἔξ
418 759 508 844 'Addp
524 765 597 827 isoio
611 758 653 846 ἦν
665 759 803 849 wlff-l
825 763 965 824 blondum
982 766 1014 822 in
1024 764 1071 824 bis
1083 765 1180 825 verbis
1196 763 1294 844 suspi-

211 859 297 911 catus
309 851 438 928 Sca'liger
451 851 586 913 Animsd.
604 870 670 932 pag.
688 853 740 914 81.
755 849 864 926 ingerit
878 870 910 907 se
925 851 1152 912 emendatorem.
1180 851 1295 928 Legen-

208 939 298 1012 slum,
324 935 441 1012 inquit,
471 929 580 1017 ,yxnttss
616 933 723 992 Undel
751 935 783 992 Si
804 934 880 992 bene
904 945 1033 994 mentem
1057 935 1118 994 eius
1146 954 1295 1014 assequor,

208 1021 339 1080 calculos
353 1020 395 1076 ita
411 1019 586 1098 composuit.
628 1020 654 1080 A
667 1018 764 1098 primo
781 1018 886 1077 mundi
900 1029 1009 1078 exortu
1024 1019 1061 1078 acl
1078 1018 1225 1079 Abraham
1240 1039 1296 1078 nu-

207 1105 334 1165 meravit
346 1103 489 1162 Eusebius
502 1104 596 1170 3184.
611 1123 722 1179 annos,
744 1114 773 1161 ct
787 1103 823 1160 ab
841 1103 975 1162 Abrahae
989 1103 1081 1162 ristali
1104 1105 1142 1162 ad
1158 1105 1297 1183 Cecropis

209 1195 346 1268 quintum
362 1207 449 1267 supra
464 1189 736 1266 quadragesimum,
758 1209 818 1266 quo
836 1188 963 1246 solutam
978 1189 1105 1268 Aegypti
1123 1189 1296 1249 servitutem

182 1325 184 1328 .
208 1275 314 1336 scribit
329 1273 487 1348 Eusebius,
510 1273 584 1332 alios
600 1275 671 1340 505.
688 1271 794 1351 quibus
808 1272 886 1331 inter
900 1293 930 1331 se
948 1272 1059 1332 iunctis
1076 1292 1188 1332 summa
1203 1277 1296 1339 3689.
1313 1273 1347 1328 V.
1362 1269 1398 1332 il

210 1358 369 1434 colligitur.
412 1358 493 1416 Haec
511 1358 578 1432 ille,
607 1359 717 1436 absque
738 1359 850 1416 arbitro
868 1378 1007 1416 numeros
1029 1378 1102 1437 quos
1122 1358 1205 1417 lubet
1223 1379 1298 1438 pro·

209 1447 321 1516 l'erens,
343 1451 373 1500 et
393 1463 482 1519 quam
498 1443 582 1522 cupit
600 1441 663 1520 ipse
683 1443 813 1500 reserens
835 1463 989 1505 susnnsam.
1034 1443 1143 1503 Verum
1163 1443 1299 1522 quamvis

209 1529 244 1586 ab
262 1526 341 1588 orbis
365 1527 488 1586 exordio
510 1530 548 1584 ad
567 1526 704 1607 Cecropis
724 1547 836 1585 annum
856 1528 907 1592 45.
923 1526 1069 1587 Eusebius
1087 1548 1181 1587 anites
1205 1531 1299 1593 3689.

208 1613 308 1691 lapsos
324 1620 453 1686 statuat,
474 1612 516 1669 nil
540 1611 636 1670 minus
652 1623 749 1670 tamen
766 1632 854 1689 quam
869 1612 942 1670 istos
957 1613 1078 1672 denotat
1092 1612 1226 1688 Autlror,
1247 1611 1301 1670 sed

208 1695 324 1776 proprii
338 1697 466 1755 Canonis
480 1717 571 1754 annos
585 1690 708 1780 ,ymerii-
721 1699 815 1763 3989·
839 1697 879 1754 De
894 1717 953 1775 quo
967 1697 1113 1776 siquidem
1124 1699 1183 1756 ullo
1194 1695 1300 1756 mundi

210 1799 288 1838 anno
305 1781 382 1838 loret
394 1781 441 1838 illi
456 1781 656 1840 instituendus
671 1801 776 1853 sermo,
798 1801 885 1859 quam
901 1783 938 1840 de
953 1804 998 1854 eo,
1020 1801 1106 1859 quem
1121 1782 1154 1838 in
1167 1781 1233 1838 Aod
1246 1786 1299 1844 22.

209 1864 408 1923 incurrentem
423 1866 578 1923 confestim
600 1865 772 1939 subiungit'.l
800 1868 862 1924 soie
876 1865 907 1938 ἐξ
919 1861 1012 1942 ’Adde
1028 1865 1102 1927 ἐτῶν
1117 1859 1158 1945 ἦν
1175 1856 1301 1948 ,γῆπῶ
1344 1907 1347 1910 -

208 1943 266 2027 uri.
280 1951 334 2008 τοῦ
349 1942 434 2008 brit.
472 1949 513 2007 At
528 1968 565 2006 ex
585 1949 700 2006 Eusebii
716 1947 887 2022 Chronieis,
910 1949 974 2008 lod
989 1970 1086 2008 annus
1100 1956 1148 2016 29„
1164 1949 1300 2010 Abrahae

209 2037 281 2098 638.
295 2033 397 2089 mundi
411 2034 505 2097 3822.
527 2033 614 2090 otiam
630 2041 830 2111 consputatur.
873 2033 933 2090 Ubi
954 2055 1036 2093 nunc
1051 2054 1144 2093 arrrrus
1159 2035 1209 2093 ille
1226 2036 1300 2090 Sea·-

209 2117 366 2192 ligcrianus
379 2119 471 2180 3689.
485 2135 522 2174 ex
537 2117 664 2175 Eusebio
677 2117 707 2176 in
723 2117 791 2175 Aod
806 2121 856 2182 22.
872 2117 1029 2178 incidens?
1052 2120 1098 2178 Ad
1114 2119 1300 2200 propositum

208 2202 309 2277 itaque
325 2219 494 2260 nutrieram.
536 2200 618 2274 soa,
640 2201 739 2280 inquit
760 2199 878 2259 Autlior
892 2204 982 2282 paulo
1005 2203 1083 2262 inira
1102 2199 1197 2285 ἐδόθη
1218 2197 1301 2282 nepai

210 2288 291 2346 Θεοῦ
299 2328 308 2357 ,
333 2287 388 2345 τοῦ
408 2278 523 2362 κόσμου
548 2281 662 2369 Ιγῶξηῖ
689 2285 771 2355 Aod,
801 2287 938 2364 inquam,
959 2292 1163 2368 praefecturae
1185 2288 1301 2368 primus

209 2389 305 2427 annus
321 2368 426 2427 mundi
440 2373 535 2434 8968.
552 2369 743 2447 consignatus
752 2379 814 2430 ests
835 2391 1017 2451 consequens
1029 2374 1179 2450 igitur22.
1193 2370 1299 2431 nsursdi

211 2457 303 2520 3989.
317 2454 506 2529 adiungitur,
529 2456 579 2532 qui
596 2456 735 2534 Cecropis
746 2456 869 2532 quintus
885 2478 973 2536 supra
990 2458 1255 2535 quadragesimum.

295 2554 435 2632 Areten]
454 2555 596 2614 Eusebius
614 2558 735 2614 latitius
750 2578 807 2637 pro
823 2559 1036 2637 exemplarium
1049 2558 1192 2617 varietate
1205 2559 1304 2618 diver·

211 2635 251 2694 sis
266 2637 340 2694 adeo
357 2639 453 2695 modis
468 2636 527 2695 boc
547 2640 683 2698 llerculis
703 2643 884 2718 pronunciat
901 2653 1142 2718 cognomentum,
1164 2652 1199 2700 ut
1214 2644 1304 2703 sasti-

212 2721 296 2779 ilium
311 2721 442 2790 recensio
458 2721 564 2801 pariat.
606 2725 718 2782 Extant
730 2724 809 2782 inter
824 2725 946 2783 Pontaci
964 2737 1050 2784 nolas
1068 2728 1098 2785 in
1115 2727 1188 2786 haec
1201 2728 1303 2789 verbs.

212 2807 360 2862 Hercules
379 2819 572 2883 cognomento
585 2805 737 2866 Desinons
749 2818 807 2869 etc.
820 2809 853 2867 in
868 2830 941 2888 quae
956 2813 1057 2871 scribit
1072 2813 1132 2871 ille.
1159 2813 1305 2892 Longius

206 2893 339 2967 petitum
360 2889 554 2967 crediderim,
577 2894 605 2949 si
621 2892 660 2950 nb
678 2897 772 2950 altero
790 2895 844 2951 illo
864 2897 1014 2958 Bedeiron
1031 2895 1198 2960 derisoria:
1220 2894 1306 2976 qrsod

211 2986 311 3030 tamen
332 2978 395 3031 rire
413 2973 587 3034 doctiss-imo
605 2976 690 3034 iiideo
706 2989 858 3056 utcunque
872 2980 1010 3056 probari.
1039 2981 1154 3041 Merito.
1182 2983 1303 3061 Διβδᾶν

211 3058 289 3116 enim
305 3069 333 3116 et
346 3061 496 3122 Bodolvnr
507 3061 693 3120 doctissimus
706 3063 756 3122 ille
772 3064 828 3122 vir¹
840 3085 927 3123 voces
942 3086 1031 3142 quarn
1046 3066 1102 3122 sibi
1116 3066 1303 3144 propinquas

210 3143 419 3220 persentiebat.
459 3143 592 3224 'Scaliger
614 3149 737 3209 Assideiv
759 3148 832 3224 legit
857 3168 896 3206 ex
920 3149 1114 3206 similitudine
1131 3151 1153 3229 β
1173 3158 1202 3208 et
1222 3173 1247 3212 ω
1267 3150 1302 3210 in
1419 3210 1421 3215 .

211 3226 375 3303 exemplari
394 3226 456 3286 biS.

297 3326 363 3404 Peg·
387 3327 458 3392 154.
478 3321 639 3407 Ἀσσυρίων
654 3323 689 3390 λ’.
705 3328 893 3410 ἐβασίλευσεν
909 3323 1054 3414 Kitron]
1076 3333 1192 3394 Collsto
1207 3333 1302 3395 Geor·

209 3409 250 3488 gii
266 3409 368 3470 codice
382 3431 450 3469 cum
466 3411 571 3470 Latino
588 3413 715 3473 Eusebio
731 3435 913 3495 corriperem
929 3417 1085 3496 utrobique
1097 3439 1198 3497 regum
1209 3421 1304 3499 Assy-
1385 3487 1388 3490 ⁴

210 3497 327 3556 riorum
347 3515 504 3555 numerum
526 3517 586 3558 non
608 3501 800 3578 comperisset
822 3500 970 3577 Scaliger,
991 3522 1132 3580 nequem
1150 3505 1304 3586 componit

213 3581 346 3641 Graecus
362 3581 469 3640 Latino
486 3581 708 3659 adversaretur,
730 3586 877 3645 Graccum
897 3605 935 3642 ex
947 3585 1053 3645 Latino
1068 3587 1206 3670 deinceps
1220 3609 1305 3648 com·
1391 3594 1393 3597 ’

211 3666 317 3744 ponit,
338 3675 369 3724 et
393 3665 518 3726 Arabelo
542 3665 651 3726 Cbalao
672 3670 776 3728 Anebe
796 3681 826 3730 et
842 3669 933 3729 Babio
947 3673 1120 3750 expunctis,
1142 3683 1210 3753 post
1222 3674 1305 3733 Teu-

212 3761 312 3808 tasum
333 3752 491 3811 confestim
512 3751 674 3812 Tlsinaeum
697 3762 728 3812 et
751 3766 924 3834 sequentes,
953 3765 1070 3834 praeter
1090 3756 1305 3838 preclserem,

213 3835 358 3912 adiungit.
401 3837 470 3910 Quo
501 3846 617 3898 constat
645 3857 702 3897 nec
723 3839 883 3918 Georgium
903 3859 939 3897 ex
962 3834 1089 3900 Eusebio
1119 3850 1227 3901 cuneta
1253 3861 1308 3899 sua

214 3917 360 3978 Clnonica
381 3920 577 4002 decerpsisse,
613 3944 669 3983 nec
697 3923 860 3985 Eusebium
883 3923 993 4003 ubique
1017 3945 1055 3984 ex
1078 3925 1206 4002 Georgia
1225 3933 1308 3985 reete
1358 3958 1359 3961 ¹

212 4021 300 4079 posse
320 4004 510 4086 interpolari,
535 4028 603 4068 cum
622 4009 656 4067 in
676 4007 807 4088 Assyriis
825 4019 855 4068 et
870 4010 902 4068 iu
916 4010 981 4067 aliis
1000 4009 1150 4088 plerisque
1163 4008 1307 4069 Eusebius

212 4103 325 4162 unum,
355 4091 498 4172 Georgius
526 4093 653 4154 alterurn
683 4093 856 4172 authorem,
895 4093 1044 4170 codicem,
1075 4112 1233 4152 numerum
1258 4112 1308 4154 se·

214 4178 331 4247 quatur.

298 4271 367 4348 Peg·
391 4275 460 4342 155.
482 4276 544 4339 test
563 4273 702 4360 δεύτερος
723 4273 907 4359 Teresiam]
937 4277 972 4337 ln
989 4275 1048 4336 boc
1069 4295 1194 4337 concors
1210 4274 1306 4336 Geor·
1377 4301 1381 4308 ·

213 4353 279 4432 gius
292 4355 417 4417 Eusebio
424 4401 434 4435 ‚
455 4362 536 4439 quod
548 4371 674 4444 uterque
689 4364 744 4424 sub
756 4365 879 4444 Assyrio
896 4365 1030 4425 Tantane
1044 4361 1163 4424 Troiam
1177 4361 1307 4423 excisam
