3109 4959
562 455 622 524 ΒΤ
642 452 994 526 ANNOTATIONES.
1215 446 1292 525 473
1387 521 1394 530 .

209 610 377 720 οἲρχομὲηηο,
398 563 536 674 ablsrtio
556 611 699 674 videlicet
718 611 790 671 anni
812 612 995 691 syncellisni
1016 612 1114 694 primo
1131 615 1249 694 mense,
1269 614 1294 699 ἤ

208 694 314 784 πρώτη
327 693 486 805 'Oteppsde
498 695 599 800 ἥηθη,
620 695 787 777 plenilunio
803 696 962 756 solstitium
977 699 1122 758 uestinum
1143 709 1291 778 sequente.

292 779 378 846 Koerd
394 778 429 845 ed
442 778 561 869 3ψτς’.]
585 783 682 855 Quam
695 782 836 840 mendose
851 774 960 864 dunel.
976 783 1129 860 scripserit
1142 784 1293 846 Librarius

209 867 337 950 primani
354 843 561 948 Olympiadem
583 865 715 948 coepisse
737 885 775 926 ex
800 865 957 923 sinceriori
977 865 1120 925 Authoris
1145 879 1243 929 mente
1263 878 1294 930 et

212 951 472 1013 correctioribus
447 972 510 1011 erus
524 951 644 1031 seriptis
659 941 811 1028 colligo'
790 944 1001 1056 ανεγριὶφηοαν
1015 952 1206 1028 οταὸιονῖτιι,
1220 954 1295 1013 seri·

210 1035 255 1097 bit
269 1036 393 1096 inferius
408 1037 526 1096 disertis
539 1035 645 1110 verbis,
660 1054 727 1114 pag.
742 1039 812 1100 197.
824 1028 894 1092 Β.’
874 1057 934 1096 αιτο
948 1058 1001 1096 τοο
989 1039 1182 1098 καθολικοῦ
1194 1055 1294 1118 roupi·

209 1124 268 1185 steti
289 1117 393 1206 duee‘.
417 1115 517 1196 lione,
537 1123 609 1182 τοῦτ
613 1112 767 1182 ’ἔστιν’
746 1114 808 1181 und
824 1123 880 1180 τοῦ
897 1111 950 1196 με’.
973 1113 1078 1192 irouc'
1077 1121 1175 1192 Οζίου.
1217 1124 1294 1180 Coe-

208 1207 289 1288 pisse
303 1224 376 1266 vero
393 1205 483 1271 4726.
504 1223 542 1264 ne
560 1214 709 1285 putemus
717 1222 838 1263 erronee
853 1203 1013 1282 scriptum,
1036 1224 1074 1262 ex
1091 1204 1176 1263 annis
1196 1205 1294 1280 Oaiae,

211 1310 263 1369 qur
254 1288 418 1364 sisariae,
437 1287 592 1348 reddimur·
615 1289 764 1348 certiores.
812 1287 900 1362 Eius,
929 1286 1029 1365 inquit
1053 1287 1187 1366 Autlror,
1216 1309 1294 1348 enno

211 1376 264 1439 46.
284 1371 496 1470 Olympiadum
518 1371 656 1455 periodos
677 1391 834 1431 numerere
852 1372 1046 1448 aggredimur.
1095 1373 1178 1433 Onus
1198 1383 1295 1432 autem

208 1457 294 1537 regni
314 1478 392 1516 enno
412 1459 505 1524 4682.
544 1456 682 1515 Aserism
706 1455 830 1516 subiisse
847 1464 973 1515 testatur
992 1457 1118 1535 ipsemet
1134 1458 1294 1536 Georgius.

212 1562 250 1602 ex
264 1562 324 1623 quo
338 1542 488 1619 sequitur,
510 1541 571 1600 eius
589 1561 608 1598 s
628 1551 764 1620 suscepto
780 1561 871 1618 regno
889 1540 1141 1620 quadragesimum
1158 1543 1296 1621 quintum
1327 1568 1334 1582 ·

211 1628 245 1687 in
265 1625 369 1686 mnndi
390 1626 484 1690 4726.
504 1625 651 1686 incidere:
673 1645 739 1685 eum
755 1644 884 1703 nemque
907 1645 1035 1702 annum,
1055 1647 1114 1704 quo
1129 1627 1296 1706 principem

211 1711 372 1790 quemlibet
384 1708 567 1788 provinciam
587 1711 742 1786 regendam
758 1709 920 1790 suscepisse
935 1710 1056 1784 scribit,
1077 1710 1208 1788 primum
1230 1711 1294 1770 eius

210 1794 294 1870 regni
307 1801 443 1852 numerat
459 1792 619 1870 Georgius,
641 1794 725 1870 qussi
737 1794 773 1852 ab
789 1794 851 1853 eius
870 1794 968 1872 primo
990 1794 1038 1851 die
1053 1794 1183 1873 primunr
1195 1814 1294 1871 regere

211 1877 251 1939 sit
265 1897 395 1936 exorsus.
429 1876 503 1935 Cum
520 1886 618 1935 auteur
634 1878 859 1958 Olympicorurn
875 1898 1020 1938 annorum
1035 1877 1151 1957 periodi
1164 1897 1196 1935 ea
1211 1899 1297 1957 pree.

213 1961 273 2022 eise
287 1961 357 2020 anni
377 1969 549 2058 tempestate
566 1961 708 2021 ducerent
723 1963 860 2036 initium,
881 1983 939 2041 qua
952 1962 1224 2021 celebrabanture
1189 1982 1296 2039 agones

211 2045 372 2144 Olympici,
386 2054 454 2125 post
469 2045 612 2104 aestivum
627 2046 766 2106 ridelicet
780 2007 955 2106 solstitium.
976 2046 1047 2106 hinc
1058 2047 1182 2106 ntidem
1192 2049 1295 2125 Olym

210 2131 297 2214 picus
308 2129 423 2190 duobus
440 2130 546 2190 mundi
562 2130 810 2190 coextenderetur
822 2152 937 2212 semper
952 2132 1094 2210 corrtigit3
1116 2131 1224 2210 prioris
1245 2130 1295 2188 ni·

211 2215 322 2276 mirum
340 2213 446 2273 lulieni
461 2214 675 2293 posterioribus
698 2235 751 2274 sex
774 2215 937 2292 mensibus,
957 2236 992 2275 ec
1007 2216 1179 2295 posterioris
1200 2215 1297 2296 priori

211 2307 275 2358 toto
295 2298 429 2358 semestri
447 2295 558 2376 spetio·
578 2300 677 2359 velut
695 2319 831 2378 germane
848 2260 967 2378 loquir,
989 2300 1099 2379 prioris
1116 2298 1298 2385 Syrrcclliarri

212 2381 244 2464 (a
258 2381 358 2443 Martii
372 2382 482 2462 quippe
492 2383 542 2448 26.
555 2382 677 2443 inchoet
692 2381 822 2482 annum)
843 2384 1056 2463 posterioribus
1069 2395 1199 2464 quatuor
1211 2403 1297 2443 men-

211 2465 309 2541 sibus,
336 2464 564 2547 seposteriorie
586 2468 746 2528 octimeatri
767 2469 944 2548 etamplius
965 2471 1072 2550 spatio.
1119 2470 1242 2547 Exquo
1261 2468 1298 2526 fit
1365 2482 1368 2487 ·

211 2561 246 2612 ut
260 2548 395 2630 quamvis
414 2549 505 2609 Ouiae
525 2549 776 2628 quadragesimum
796 2554 933 2630 quintum
954 2574 1064 2611 annum
1083 2553 1188 2613 mundi
1204 2553 1297 2616 4726.

212 2635 369 2714 eoeequsri
383 2633 603 2714 scripserimus,
623 2635 750 2714 primaru
764 2646 863 2694 tamen
879 2637 1102 2731 Olympiadem,
1123 2645 1159 2693 ut
1179 2634 1298 2693 Antlror

212 2739 291 2780 anno
306 2719 421 2780 lulinuo
434 2719 527 2786 4725.
543 2719 720 2798 quandoque
736 2721 899 2796 consignat,
921 2728 952 2776 et
968 2719 1092 2798 proprio
1105 2719 1217 2798 sibique
1230 2718 1296 2776 usi·
1316 2715 1348 2771 V.
1365 2718 1401 2773 50

212 2813 275 2865 esto
298 2805 389 2871 4726.
413 2804 457 2864 ite
476 2823 689 2882 nonnunquam
711 2803 856 2883 possimus
884 2802 974 2862 etiem
995 2803 1140 2869 intret.
1164 2803 1295 2878 reiicero,

213 2888 294 2969 quod
308 2890 370 2948 eius
384 2887 526 2949 nimirum
539 2887 609 2947 anni
622 2888 805 2968 principium
824 2886 1024 2967 Olympiadici
1043 2887 1113 2947 anni
1129 2888 1218 2947 finem
1240 2908 1296 2946 ex-

212 2973 312 3052 cipiet.
354 2973 477 3052 Proprio
496 2983 576 3033 corte
590 2981 620 3033 et
636 2973 674 3031 erl
687 2973 788 3033 rllartii
802 2973 991 3032 Neomenianr
1005 2993 1083 3031 anno
1097 2973 1245 3049 devincto,
1267 2982 1298 3033 et

213 3055 318 3114 mundi
335 3057 427 3124 4726.
444 3067 598 3117 numerato
619 3057 747 3138 primunr
765 3057 973 3155 Olympiadem
999 3056 1185 3129 institutam,
1212 3057 1299 3115 iuxta
1408 3097 1411 3100 -

214 3137 295 3217 ipsos
317 3139 459 3200 Autlroris
484 3142 615 3201 celeuloa
642 3143 729 3201 nullo
756 3143 876 3219 negotio
901 3141 1103 3199 demonstrare
1127 3159 1297 3235 possumus.

163 3271 170 3279 .
214 3222 371 3283 Nemeum
386 3223 451 3282 laos
464 3245 729 3304 successorumque
741 3245 843 3302 regum
860 3223 994 3283 tunso
943 3222 1026 3300 regni
1041 3222 1237 3302 principium,
1258 3224 1298 3283 ad

215 3316 283 3368 ecto
298 3327 391 3366 annor
392 3325 443 3365 um
452 3308 580 3385 spatium
589 3309 744 3367 Gotholiee
756 3307 915 3386 tyrannide
926 3317 1094 3386 prorogata,
1102 3309 1298 3368 submoverit.

214 3391 318 3452 eodern
334 3391 514 3471 superiorem
533 3393 565 3450 in
581 3412 691 3450 annum
702 3393 849 3470 reposito;
874 3401 909 3452 ut
923 3393 1067 3471 auspicati
1079 3392 1200 3452 Azeriae
1213 3393 1298 3470 regni

212 3475 330 3558 primus
342 3496 436 3536 nunus
445 3476 483 3534 ed
495 3475 599 3535 mundi
610 3475 701 3542 4681.
712 3475 866 3552 devinciri,
876 3476 918 3536 eie
930 3479 1050 3555 quintus
1064 3497 1153 3556 snpra
1167 3477 1298 3574 quadru-

213 3562 356 3641 gesimum
369 3559 475 3620 mundi
491 3560 585 3627 4726.
601 3560 708 3621 sociari
722 3561 845 3640 expetit.
875 3561 918 3621 De
930 3560 1102 3622 huiusmodi
1115 3562 1298 3623 correctione

213 3664 319 3706 rursus
330 3666 362 3705 se
379 3643 485 3706 offeret
497 3665 604 3708 sermo.
646 3645 766 3704 lnterim
782 3647 902 3705 consule
920 3668 987 3727 pag.
1001 3652 1072 3712 197.
1087 3647 1122 3708 Β.

217 3811 288 3878 197.
297 3724 813 3894 ttltltttltlttt‘tt
828 3725 896 3894 tt}
916 3730 1297 3891 lllt'llt‘.lti‘.tfr

216 3911 284 3974 pag.
301 3902 369 3964 199.
384 3899 420 3963 B.
434 3897 669 3958 emendationem
685 3899 805 3958 firmant
819 3896 920 3978 πρώτη
933 3894 1132 4001 Ὀλυμπιος,
1131 3900 1173 3956 ait
1178 3893 1307 3974 ,dege--

215 3996 252 4038 το
273 3977 329 4039 ἔτει
348 3981 401 4077 pe'.
429 3981 536 4042 Subdit
550 3982 682 4042 loethum
699 3982 790 4042 Onine
806 3983 862 4041 filii
885 4004 962 4042 anuo
977 3985 1089 4064 primo:
1111 3977 1187 4061 τῖρχη
1199 3982 1298 4059 τρίτης

216 4052 460 4157 'Oluprsoidogs'
452 4088 477 4126 rs
488 4074 586 4128 eutem
598 4076 662 4128 eret
672 4067 803 4146 vulgaris
814 4067 918 4126 mundi
933 4089 1027 4127 annue
1040 4065 1131 4132 4734
1147 4085 1206 4145 quo
1218 4065 1297 4124 eza-

215 4143 281 4224 rie,
302 4145 618 4224 eiveOziadeluncte‚
641 4152 856 4228 loethemregnn
838 4168 906 4211 nurn
924 4161 969 4211 est
982 4154 1114 4230 adeptus.

303 4225 421 4308 ssede·
441 4231 515 4296 trun
533 4259 588 4316 της
608 4197 642 4296 di
663 4232 783 4332 πρώτης
802 4216 1028 4315 ’OlvunsoidonJ
1053 4231 1197 4296 Hercules
1217 4231 1296 4294 idem

216 4313 401 4394 temporibus
412 4314 499 4374 valde
515 4318 625 4378 dissitis
638 4320 768 4388 extitisse
780 4323 857 4382 reser
859 4331 907 4380 tur
921 4320 1001 4399 apud
1014 4318 1186 4378 Eusebium:
1202 4317 1299 4377 Abra-

216 4397 286 4460 lrem
300 4396 420 4480 quidem
434 4417 512 4460 enno
524 4402 596 4468 445.
624 4405 770 4464 Herculea
780 4409 903 4484 primus
914 4407 1014 4481 fertur
1028 4401 1180 4462 Artemam
1197 4402 1299 4462 laetae
