3109 4959
635 446 893 517 PRAEFATIO.
1268 441 1318 513 67

231 605 384 689 bylouicae
397 603 577 689 captivitatis
589 605 726 669 devincta
741 606 874 684 exordis,
896 614 925 666 ct
942 604 1021 666 circa
1034 604 1207 687 cambysem
1220 614 1250 667 et
1259 605 1316 667 lia.

226 690 457 754 buchodouosor
475 693 634 752 admissum
649 711 781 752 errorem
794 688 852 773 ³³),
874 690 1008 770 Hyrcani
1021 700 1049 751 et
1061 690 1188 753 llerodis
1202 701 1317 773 tempus

225 796 320 859 prave
341 776 548 854 distributum,
569 774 740 856 Christique
758 777 877 835 demum
905 785 1085 837 servatorem
1105 778 1207 836 aetatis
1230 778 1315 835 annis

225 861 414 923 solummodo
425 861 547 941 triginta
560 869 591 921 et
601 882 663 921 uno
678 860 855 940 ampliusab
870 859 971 919 eodem
985 860 1238 941 circumscriptam
1255 882 1317 920 non

225 946 340 1022 serens,
359 946 468 1027 quibus
480 955 577 1027 potest
591 955 655 1005 arte
670 955 699 1005 et
723 945 839 1005 viribus
850 945 1021 1005 insectatur.
1063 944 1143 1004 llaec
1155 944 1250 1005 nihilo
1266 966 1315 1005 se·

225 1031 289 1090 cius
317 1029 355 1089 ab
376 1031 515 1090 Africano
538 1039 648 1089 asserta
677 1030 799 1108 aequior
818 1049 975 1111 perpessus
1005 1038 1050 1089 est
1072 1030 1232 1108 Georgius,
1258 1050 1316 1090 nee

224 1116 337 1194 stylum
348 1125 504 1195 propterea
517 1114 692 1174 severiorem
701 1115 733 1172 in
746 1134 814 1173 eum
829 1115 978 1173 exseruit:
991 1116 1062 1192 plus
1077 1115 1149 1174 satis
1163 1114 1267 1173 animis
1280 1115 1315 1174 in

223 1199 372 1259 Asianum
381 1209 410 1258 et
420 1200 609 1260 Panodorum
617 1198 753 1258 invectus
768 1208 811 1257 est
820 1196 873 1277 34),
886 1208 917 1258 et
929 1218 1032 1258 eorum
1043 1198 1315 1277 chronographiam

223 1284 257 1343 iu
273 1284 434 1343 Gentilium
453 1284 738 1363 llaereticorumqus
766 1283 858 1342 anilia
888 1293 1054 1342 commenta
1081 1304 1142 1343 sese
1162 1284 1315 1343 inflecten-

223 1378 284 1429 tem
296 1368 489 1427 deiiciendam
503 1378 601 1440 ratus,
623 1367 705 1428 viros
719 1368 829 1447 pietate
844 1369 1073 1442 commendatos,
1090 1366 1239 1427 'sententia
1253 1370 1315 1428 sor·

222 1452 382 1524 midolosos
396 1454 476 1526 (nam
489 1454 591 1513 Berosi
607 1451 851 1531 Manethonisque
865 1454 980 1513 fabulas
997 1461 1028 1512 et
1037 1452 1207 1512 innumeras
1220 1474 1314 1511 auno-

221 1556 288 1597 rum
318 1537 458 1616 periodos
481 1539 518 1597 sd
535 1538 708 1617 Scripturas
731 1548 877 1614 mentem,
898 1546 928 1596 et
946 1537 1087 1617 temporis
1107 1538 1234 1617 sparsim
1260 1557 1314 1616 per

221 1641 285 1681 eam
298 1623 452 1681 memorati
467 1643 634 1681 mensuram
649 1622 776 1682 traxisse
790 1622 863 1681 dicti
874 1620 969 1705 sunt),
985 1623 1312 1681 orationelacessendos

221 1714 252 1766 st
271 1706 371 1765 valido
392 1708 541 1766 rationum
557 1708 688 1786 pondere
707 1706 875 1766 atterendos
890 1707 1064 1771 aestimavit.
1107 1708 1179 1766 Eam
1193 1706 1311 1766 obrem

221 1790 367 1870 quicquid
378 1791 415 1850 de
430 1792 582 1871 Babylone
594 1802 623 1850 et
631 1793 766 1871 Aegypto
781 1811 835 1849 ceu
851 1789 1017 1870 diluvio³⁵)
1031 1789 1181 1870 prioribus
1194 1810 1312 1867 sugges·

220 1885 325 1935 serunt
335 1877 562 1957 excipiendum
583 1876 724 1957 quicquid
739 1876 775 1934 de
795 1876 892 1951 Satis,
912 1874 1001 1934 Neris
1015 1884 1045 1933 et
1063 1876 1157 1933 Sassia
1169 1874 1202 1932 in
1216 1894 1317 1933 anrros·

219 1968 339 2019 nestros
362 1962 576 2021 commutandis
592 1962 729 2020 subtilius
742 1969 957 2040 exposuerunt,
978 1958 1121 2038 quicquid
1137 1958 1215 2018 inter
1228 1960 1311 2017 anti-

220 2064 294 2122 quas
316 2044 462 2105 Historias
493 2047 653 2106 commenti
676 2044 797 2104 nornine
827 2045 949 2122 dignum
966 2053 1132 2123 temperato
1155 2043 1312 2121 allegorias

220 2148 306 2188 sensu
314 2130 677 2210 mitiusiuterpretandum
685 2138 851 2204 arriserunt,
867 2128 899 2187 id
912 2146 999 2187 omne
1007 2128 1150 2205 Georgius
1156 2127 1199 2203 ³⁶)
1212 2148 1312 2208 asper·
1389 2166 1396 2177 ·

219 2223 309 2273 natur
322 2223 353 2273 et
365 2214 471 2289 reiicit,
493 2223 523 2274 et
536 2215 683 2295 epiorum
695 2214 843 2273 mentibus
855 2232 971 2293 semper
984 2215 1142 2272 arcendum
1158 2212 1310 2271 admonet:

220 2298 293 2377 quin
314 2299 401 2357 etiam
426 2300 615 2359 Parrodorum
634 2298 719 2358 aratris
750 2298 897 2359 duntaxat
917 2307 1028 2377 septem
1047 2318 1144 2356 seram
1166 2296 1312 2355 Christis·

218 2402 289 2441 narn
306 2384 345 2443 sd
364 2404 474 2443 annum
497 2406 513 2442 a
535 2386 638 2444 mundi
659 2384 784 2443 conditu
801 2383 957 2463 quinquies
972 2383 1160 2441 millesimum
1176 2392 1207 2441 et
1221 2381 1311 2461 quin-

218 2468 414 2544 gentesimum
433 2469 469 2527 ab
484 2469 622 2528 Africano
636 2467 678 2548 ³⁷)
705 2470 787 2549 prius
809 2468 976 2526 devinctam
1001 2488 1056 2526 suo
1081 2466 1197 2526 calculo
1219 2486 1311 2545 prae·

218 2561 399 2629 vertentem,
422 2554 504 2633 quod
520 2554 662 2632 Georgius
682 2554 737 2613 iste
750 2546 945 2632 posteriorem
963 2551 1147 2631 probandam
1161 2552 1309 2624 decernat,

217 2634 422 2708 Panodorum‚'
439 2639 571 2717 inquam,
591 2639 786 2698 Alexandrini
809 2636 943 2716 computi
956 2646 1106 2696 auctorem
1122 2636 1310 2720 postmodum

218 2717 369 2796 habitum,
392 2730 421 2780 et
443 2722 481 2781 ob
497 2724 687 2783 concordiam
700 2724 780 2782 inter
791 2743 883 2780 annos
896 2722 1016 2794 muudi,
1039 2719 1150 2780 Christi
1162 2739 1267 2793 aeram,
1279 2726 1309 2776 et
1333 2749 1343 2773 a

218 2804 391 2864 indictionis
414 2826 568 2865 numerum
582 2808 708 2866 feliciter
725 2808 918 2865 instauratam
932 2804 1057 2863 eruditis
1074 2803 1212 2861 omnibus
1224 2822 1309 2861 com-

218 2889 403 2966 mendatum,
424 2890 487 2967 ipse
499 2891 689 2971 opinatarum
702 2890 907 2949 tenacissimus
924 2910 985 2947 non
1002 2888 1065 2947 siue
1079 2886 1310 2967 reprehensione

218 2975 369 3055 praeterit.
413 2974 529 3055 Abripit
540 2976 598 3034 iam
610 2990 670 3035 ¹nos
683 2974 755 3034 hinc
774 2973 915 3054 Iosephus
929 2974 1068 3051 Scaliger,
1089 2973 1167 3032 etde
1180 2972 1310 3031 dissidiis
1347 3035 1349 3039 Α

217 3057 298 3118 inter
323 3060 482 3137 Georgium
503 3068 532 3119 et
557 3062 744 3120 Panodorum
765 3062 855 3119 motis
872 3078 979 3138 parum
1001 3057 1163 3132 sollicitus,
1185 3057 1224 3115 ad
1238 3076 1309 3134 gra-

217 3141 320 3215 viora,
343 3145 448 3221 quibus
464 3146 622 3205 Eusebium
637 3146 780 3223 Georgius
795 3145 947 3203 insecutus
965 3152 1025 3219 est,
1046 3150 1173 3202 meatem
1188 3149 1218 3199 et
1231 3159 1309 3198 ocu-

217 3225 263 3285 los
284 3237 390 3285 avocat
410 3226 467 3305 ³⁸):
498 3241 525 3287 et
546 3234 592 3287 sic
613 3233 731 3309 ipsum,
759 3230 871 3307 inquit,
893 3225 1231 3300 EusebiumGeorgioa
1252 3226 1309 3282 iate

217 3310 388 3383 syncellus,
409 3312 462 3370 aba·
482 3313 560 3391 quid
577 3316 629 3370 illo
650 3316 751 3392 poulo
773 3315 911 3371 alie-rrius
925 3332 947 3368 a
968 3307 1130 3371 veredicis
1150 3310 1308 3384 iecissem·

217 3398 264 3455 ita
275 3398 419 3473 erogitat,
440 3407 484 3471 rat,
507 3397 561 3454 zadi
574 3418 648 3458 usus
661 3401 751 3470 venit,
774 3418 846 3454 rore
854 3396 1001 3453 hominem
1012 3397 1076 3453 sine
1087 3392 1195 3451 acerba
1206 3393 1309 3450 obiur-

214 3482 339 3559 gatione
359 3492 417 3537 caut.
435 3482 645 3539 contumelioso
666 3481 746 3539 dicto
767 3479 915 3539 dimittat.
959 3478 1109 3551 Quorsum
1133 3497 1205 3537 vero
1229 3497 1308 3553 que·

216 3583 343 3643 rumque
364 3566 514 3643 postulat?
537 3566 627 3624 Cuius
648 3586 716 3643 ergo
740 3586 807 3623 cuin
820 3563 947 3623 Eusebio
961 3563 1105 3639 Georgius
1124 3560 1236 3618 iudicio
1252 3562 1308 3620 de·

217 3648 334 3708 certati
356 3650 486 3729 Sparsim
505 3658 535 3717 et
555 3671 625 3709 casu
645 3650 775 3727 Scaliger
787 3658 920 3709 recenset
941 3648 974 3707 in
989 3644 1308 3706 animadversionibus:

217 3732 257 3793 ad
281 3731 354 3793 haec
375 3734 437 3793 fere
452 3736 549 3813 capita
561 3735 719 3795 discrimen
734 3756 820 3793 omrre
836 3732 1032 3793 contrahitur.
1074 3729 1224 3788 Iuniorem
1241 3731 1309 3787 Gai-

216 3837 278 3877 nan
291 3819 538 3895 quemadmodum
550 3821 632 3899 prius
646 3820 813 3894 Africanus,
829 3819 870 3877 ita
883 3816 1021 3876 Eusebius
1035 3813 1135 3873 omisit
1146 3812 1207 3897 ³⁹):
1229 3813 1308 3873 sodi

216 3901 325 3961 iudicis
347 3904 556 3963 annosdecsm
577 3925 638 3962 non
655 3904 838 3965 observavit:
860 3901 1089 3976 alienigenarum
1115 3918 1308 3977 quoquepo-

216 3987 331 4046 testatis
352 3988 385 4044 in
408 3988 554 4047 israelitas
579 3988 711 4047 iudicum
735 3997 866 4066 tempore
884 3984 1031 4043 exercitae
1056 4003 1118 4041 iren
1139 3982 1307 4043 numeravit

218 4090 320 4130 annos.
352 4072 509 4149 llynastiss
522 4073 711 4152 Aegyptiacus
724 4072 809 4131 soede
824 4070 984 4144 mutilavit,
1007 4068 1104 4127 dehita
1116 4068 1198 4145 regni
1212 4075 1305 4127 aetate

216 4154 348 4237 privavit
365 4155 540 4235 Aphoplrim
562 4157 747 4237 Aegyptium.
788 4155 895 4234 Ingens
920 4152 1034 4213 eiusde
1054 4152 1242 4233 Assyriorum
1254 4171 1306 4210 re-

250 4336 300 4404 33)
317 4336 381 4407 Peg.
394 4338 454 4393 2³6.
522 4342 571 4410 34)
589 4340 652 4409 Peg.
669 4340 713 4393 33.
780 4338 829 4405 35)
847 4336 913 4408 Peg.
935 4340 968 4392 16
990 4340 1018 4388 et
1035 4350 1108 4403 seqq.
1175 4332 1225 4400 36)
1239 4331 1308 4401 Pag.

285 4408 320 4465 78
342 4413 454 4479 etseqq.
506 4409 702 4479 mrigera.
752 4408 802 4476 38)
816 4406 932 4461 Animed.
946 4402 1076 4478 pag.241·
1126 4402 1172 4467 39)
1186 4402 1299 4475 Peg336
