3109 4959
479 576 482 580 Δ
539 471 600 538 ΕΤ
621 469 974 540 ANNOTATIONES
1181 483 1183 488 '
1225 460 1300 538 685

212 623 317 687 nastiir
329 624 460 685 diversas
474 624 598 685 omuino
616 625 759 705 colligens
775 627 907 705 Scaliger
920 647 987 708 pag.
1004 626 1054 694 14.
1065 634 1095 686 st
1107 626 1179 694 356
1195 646 1300 688 erran·
1368 659 1374 669 ·

212 721 257 771 tes
275 730 414 770 numeros
429 718 587 790 sequutum
605 731 652 787 ss,
674 721 705 770 et
718 711 889 771 inductosa
905 710 1096 793 Cacographo
1110 731 1222 772 errores
1237 733 1301 774 non

213 794 454 854 animadvertisse
477 795 618 855 declarat.
667 795 785 875 Ecquid
804 796 911 874 igitur,
932 797 1063 875 inquiet,
1089 815 1170 873 reges
1186 807 1300 876 septem

211 880 370 958 mnasilus
392 879 513 938 Eusebii
532 879 679 939 secundae
693 882 732 940 ad
747 880 881 940 Africani
900 881 1026 959 primam
1042 879 1175 940 adnexae
1189 881 1301 942 chara-

211 963 343 1023 cteribus
360 964 500 1023 Africano
520 964 647 1023 addictis
668 965 765 1026 suerat
787 964 993 1044 depingenda?
1020 965 1227 1045 Nequaquam:
1248 966 1302 1027 aad

210 1057 247 1108 ut
261 1047 393 1124 ordinis,
415 1050 457 1106 ita
470 1049 583 1128 pariter
595 1047 778 1110 characteris
788 1049 941 1128 perversio
955 1057 1009 1109 est.

211 1216 213 1220 ι
298 1151 422 1228 Πρῶτος
433 1144 580 1230 Βοηθός]
595 1149 823 1210 Emendationes
837 1149 942 1210 affixas
955 1149 1041 1210 debet
1052 1147 1127 1208 haec
1142 1145 1304 1210 Eusebiana

211 1230 373 1312 Dpuastia,
393 1235 494 1306 alteri,
517 1255 592 1313 quae
608 1234 741 1294 Africani
754 1244 799 1294 est
812 1235 919 1314 pagiua
935 1254 995 1314 aeq.
1008 1234 1043 1294 D.

298 1330 382 1395 Kouni
398 1326 594 1414 Βούβαστιν]
612 1335 753 1395 Bubastia
761 1335 866 1396 urbem
881 1335 920 1395 ad
933 1335 1118 1396 Pelusiacum
1124 1332 1183 1394 Nili
1195 1332 1303 1394 ostium

212 1428 356 1477 memorat
368 1419 537 1478 Herodotus
549 1420 583 1478 in
598 1420 737 1500 Euterpe.

295 1515 358 1581 Καὶ
377 1514 507 1600 Μηνεῦς
527 1518 560 1584 ἓν
581 1514 776 1598 discerdiae]
808 1520 885 1600 Lego
914 1541 982 1581 cum
1005 1518 1152 1607 Scaligsro
1174 1519 1302 1601 Excerp.

210 1621 278 1682 1¹³8·
293 1603 363 1669 355.
377 1604 429 1667 sai
444 1608 565 1679 Μνεῦις
577 1604 610 1668 ἐν
623 1602 824 1668 Ἡλιουπόλει.

295 1703 364 1780 Peg·
385 1705 437 1771 56.
469 1700 556 1767 Karai
573 1702 630 1786 cris
641 1704 783 1788 δευτέραν
799 1703 915 1766 induam
930 1696 1137 1786 ’stupescenti-J
1157 1699 1209 1776 sd,
1230 1704 1302 1766 den·

211 1782 299 1867 τέραν
312 1785 385 1844 mihi
403 1787 569 1849 redundata
591 1799 660 1847 ants
681 1786 842 1852 Eusebium
860 1787 972 1867 quippe
988 1786 1110 1866 scripsit
1130 1787 1300 1851 Africanus.

211 1869 345 1929 Africani
367 1872 496 1947 mentio,
525 1880 555 1931 et
576 1891 769 1932 numerorum
793 1872 954 1932 concordia
976 1870 1149 1950 Dynastiam
1164 1869 1245 1932 hauc
1264 1871 1301 1932 ab

211 1953 353 2013 Africano
371 1956 516 2036 scriptam
528 1965 559 2016 et
573 1955 667 2036 priori
684 1976 751 2038 pag.
764 1956 815 2022 db
828 1955 1032 2036 reperiendam
1048 1955 1240 2016 convincunt.

296 2056 366 2134 Peg.
384 2057 435 2122 57.
462 2051 548 2118 Μεθ’
561 2051 597 2119 ὃν
611 2055 780 2136 Σέσωχριι]
803 2056 940 2131 Qualiter
953 2063 1055 2115 textus
1069 2055 1144 2116 ordo
1159 2076 1305 2138 reparan-

213 2136 280 2216 dus,
297 2149 327 2199 et
341 2140 450 2220 quibus
464 2139 539 2200 haec
551 2142 738 2220 adiungenda
753 2142 863 2201 docent
876 2150 963 2200 uotae
976 2139 1015 2200 ad
1029 2141 1126 2221 pagin.
1143 2141 1194 2207 54.
1215 2141 1303 2220 Regis

235 2243 307 2284 orro
328 2226 401 2286 novi
419 2226 452 2283 in
472 2226 581 2285 lacuna
601 2225 801 2285 desideratum
824 2245 932 2285 nomen
955 2243 992 2284 ex
1013 2225 1107 2303 priori
1119 2243 1185 2304 pag.
1200 2226 1250 2290 56.
1266 2225 1302 2287 d.

252 2308 347 2373 betur.
392 2308 525 2391 Χενὲρης
538 2308 589 2389 l‘rq
601 2303 634 2371 λ’.
676 2312 785 2388 Regem
798 2309 882 2370 huuc
894 2309 1052 2390 Dynastiae
1065 2310 1095 2375 4.
1111 2309 1303 2371 Africanaeae

215 2392 318 2468 (cuius
336 2412 419 2472 reges
438 2405 507 2453 octo
530 2396 609 2454 solos
628 2392 753 2475 asserit)
779 2415 891 2456 nonum
919 2394 1004 2454 addit
1023 2393 1153 2472 Scaliger
1176 2394 1303 2476 Excerp.

212 2487 278 2557 p'ag.
290 2479 362 2545 355.
376 2499 506 2538 errorem
519 2499 537 2537 a
552 2479 686 2539 Librario
699 2499 817 2583 passus.

294 2558 387 2642 ‘lepris
406 2563 541 2644 {illitae-J
565 2561 652 2645 Ἱερὸν
675 2569 763 2647 loyor
790 2564 895 2626 scribit
915 2563 966 2626 hic
991 2563 1121 2642 Scaliger
1146 2561 1302 2640 Animadv.

212 2664 281 2727 pag.
297 2650 370 2712 251.
385 2647 554 2707 Hermetem
569 2648 731 2730 scripsisse.
772 2649 890 2729 Ecquid
908 2668 946 2708 ex
960 2648 1055 2708 literis
1068 2647 1206 2728 plurimis
1220 2644 1303 2707 insa·

212 2730 277 2809 nit,
298 2740 357 2790 eta
372 2732 479 2813 Supbis
493 2734 560 2818 ἱερᾷ
575 2736 670 2818 βίβλῳ
682 2735 721 2793 ad
731 2734 880 2794 Hermstis
897 2731 975 2815 ἱερὸν
988 2728 1074 2814 λόγον
1089 2732 1217 2810 migrati

288 2810 350 2878 Ἢν
363 2814 404 2890 air
416 2816 490 2899 pipo
501 2822 600 2897 χρῆμα
610 2813 771 2900 Αἰγύπτιοι
785 2817 983 2900 περιέπουσι]
998 2816 1088 2890 Quod
1103 2815 1213 2876 librum
1227 2835 1302 2898 pos·

212 2897 323 2959 sedisse
338 2902 464 2979 gaudeat
478 2903 636 2962 Africanus
652 2919 716 2983 pag.
738 2904 932 2984 praecedente
952 2901 1118 2961 Eusebium
1134 2899 1303 2979 praescnti-

211 2982 267 3042 bus
289 2985 387 3045 verbis
402 2987 571 3045 solemniter
582 2987 823 3046 Irnllucinantem
837 2986 940 3046 asserit
956 2985 1084 3063 Scaliger
1105 2983 1228 3060 citatus,
1250 2985 1302 3063 qui

211 3066 324 3128 librum
348 3069 382 3127 iu
407 3070 506 3150 pretio
533 3073 614 3152 apud
635 3073 795 3151 Aegyptios
819 3091 880 3132 esse
903 3069 1022 3129 scribit:
1060 3069 1145 3149 quasi
1161 3068 1303 3129 videlicet

212 3151 329 3211 Eusebii
342 3154 505 3214 sententies
517 3155 684 3215 Africanaai
698 3156 771 3215 dicti
780 3173 918 3235 perversa
930 3156 971 3214 sit
985 3152 1186 3232 consequutio.
1209 3153 1301 3211 Nuus-

213 3235 288 3315 quid
303 3237 437 3296 dfricani
460 3247 491 3296 et
507 3239 626 3298 Eusebii
650 3241 723 3300 adeo
746 3240 849 3300 dissita
868 3249 1019 3317 tempora,
1041 3246 1174 3314 atquem
1195 3234 1302 3296 babuit

212 3318 372 3382 Africanus
392 3320 522 3396 librum,
544 3323 686 3384 Eusebius
706 3325 863 3404 Aegyptiis
878 3323 1231 3401 charumattempsstate
1248 3339 1301 3382 sua

213 3404 313 3465 adbuc
326 3415 475 3466 extantem
488 3406 600 3466 vidisse
613 3429 674 3468 nou
686 3407 842 3489 potuerit?

299 3491 364 3568 Psg.
386 3494 435 3557 58.
456 3489 614 3573 Ῥαθουρὶς
628 3493 677 3573 ἔτη
691 3487 761 3574 ud]
788 3491 919 3570 Scaliger
933 3488 1137 3550 dandarum
1152 3482 1187 3552 α’.
1210 3498 1241 3549 et
1262 3481 1298 3551 d‘.
1315 3485 1346 3543 Ρ.
1360 3488 1396 3546 21

213 3573 410 3634 similitudine
424 3575 565 3655 deceptus
580 3572 639 3656 μα’.
651 3578 718 3638 sice
730 3571 787 3658 pd'.
802 3577 904 3636 reddit
914 3576 1041 3654 Excerp.
1057 3593 1123 3654 pag.
1136 3575 1209 3639 356.
1220 3573 1301 3634 linea

213 3665 245 3725 2.
268 3660 407 3720 Errorem
423 3661 520 3740 arguit
531 3680 645 3720 summa
660 3666 731 3730 218.
746 3681 784 3722 ex
797 3681 899 3741 regum
915 3665 944 3727 9.
956 3659 1082 3720 istorum
1098 3657 1240 3716 aetatibus
1253 3658 1302 3718 sl-

212 3743 271 3801 teri
288 3746 380 3810 1046.
394 3763 541 3805 annorum
556 3765 687 3807 summae
702 3745 921 3826 componenda,
943 3763 1018 3823 quas
1029 3743 1109 3803 solos
1122 3741 1192 3800 licet
1207 3745 1299 3809 1264.

203 3825 335 3905 reddat,
357 3849 419 3888 non
437 3829 471 3888 in
487 3831 677 3905 monadibus,
700 3831 753 3890 ssd
768 3832 801 3890 in
816 3828 974 3889 decadibus
991 3828 1169 3910 pravitatem
1187 3825 1300 3885 admis·
1429 3861 1430 3865 =

213 3911 477 3992 sausistcricogit.
519 3915 578 3974 Ubi
588 3913 661 3974 ¹uero
677 3935 763 3977 error
775 3915 920 3974 locandus
934 3911 989 3991 sit,
1008 3913 1158 3973 incertum
1168 3910 1299 3990 penitus,

213 4013 271 4058 aec
296 3996 392 4057 otiosa
418 3999 572 4079 inquirere
595 3999 707 4061 iudicio
736 4000 858 4081 dignum
884 4005 984 4059 censet
1007 3996 1138 4076 Scaliger
1161 3994 1300 4056 Animad.

211 4102 251 4164 μ
297 4162 391 4247 ‘osse
405 4165 456 4248 tn,
475 4162 570 4252 σμη’.]
592 4167 646 4230 dt
671 4190 734 4231 nou
755 4163 822 4250 osq'.
840 4187 880 4229 ax
898 4164 1031 4228 numeris
1054 4163 1301 4245 praecedentibus

214 4271 328 4311 summa
340 4251 500 4330 colligitur.
521 4253 803 4335 Scaligerapposito.
825 4254 989 4314 Nominum
998 4261 1025 4308 et
1032 4269 1184 4308 annorum
1191 4248 1302 4307 discri-

214 4356 282 4395 men
294 4356 442 4416 magicum
460 4340 595 4396 occurrit
609 4343 684 4400 vitio
702 4340 936 4412 Librariorum,
958 4356 1037 4415 quas
1057 4336 1122 4392 ium
1140 4337 1300 4415 professus

214 4441 284 4480 sum
300 4442 347 4480 me
357 4432 694 4502 nonpersequurutum:
714 4421 799 4505 quod
817 4445 854 4484 ιιι
870 4424 1007 4483 Lectoris
1025 4418 1154 4478 arbitrio
1173 4421 1251 4481 iuter
1268 4437 1300 4479 at

283 4518 383 4593 (ἴση.
398 4521 537 4592 Spsactlsc
553 4520 589 4574 Π.
1053 4503 1096 4569 25
