3109 4959
607 412 906 481 DlSSERTATIO.
1249 404 1301 478 89

209 592 245 631 se
255 566 427 649 proditione
438 567 576 647 sumpsit,
599 571 710 649 Χημῦ
722 578 820 631 vocat.
834 567 875 648 ιο)
916 567 1022 629 Suidas
1039 563 1201 652 γημνυτιιιό
1215 570 1300 631 Zosi-

206 674 288 715 mum
304 653 457 733 scripsisse
475 664 594 730 narrat,
618 675 635 712 a
649 654 827 733 quibusdam
841 674 932 732 vero,
953 654 1052 731 addit,
1073 655 1258 716 chirocmeta
1270 664 1301 717 st

207 738 341 800 Platonis
355 738 447 796 vitam
464 736 596 798 inscribi.
639 739 745 799 Suidss
761 760 837 819 opus
850 740 948 819 ipsum
963 760 1024 799 non
1037 740 1201 822 inspexisse
1213 741 1301 801 vide-

206 833 274 898 sur,
295 843 401 882 verum
417 822 493 882 alios
505 823 658 902 sequitur,
680 824 732 905 qui
747 825 931 902 singulorum
945 825 1089 885 librorum
1103 826 1208 886 titulos
1221 826 1300 885 cita·

205 915 332 983 verant,
362 907 470 986 quibus
493 907 557 987 ipse
579 916 676 967 toturn
699 929 774 987 opus
793 909 917 967 inscribi
941 910 1069 987 putavit.
1090 942 1134 959 -
1159 911 1300 971 Attamen

206 993 311 1073 plures
326 991 436 1051 Zosimi
450 990 542 1051 libros
563 993 689 1050 maxime
706 990 975 1067 a1·tsmClsimicam
994 994 1159 1055 illustrasse
1173 1016 1189 1055 e
1201 994 1300 1055 titulis

209 1077 351 1157 colligere
365 1096 538 1158 possumus,
560 1097 636 1153 quos
651 1077 806 1136 lteinesius
820 1078 850 1136 in
865 1077 943 1137 libro
959 1076 1175 1141 librariorum
1190 1079 1300 1139 lectio·

206 1182 281 1221 num
303 1160 488 1243 (Altenburgi
508 1161 597 1225 1640.
613 1158 657 1240 4.)
672 1182 737 1241 pag.
751 1166 815 1229 880
832 1172 861 1221 et
879 1166 942 1228 881
964 1162 1158 1245 conscripsit}
1179 1164 1299 1241 „Prae-

207 1256 255 1306 ter
267 1246 361 1307 libros
381 1246 418 1304 sd
433 1243 624 1305 Theosebiam
640 1266 771 1307 sororem
784 1255 813 1306 et
827 1247 1028 1325 Calliergiam‚
1047 1249 1180 1309 eiusdem
1191 1248 1301 1309 Zosimi

205 1330 283 1390 liber
299 1330 367 1411 περὶ
380 1334 568 1409 γημευτιιιῆς,
581 1331 649 1411 περὶ
660 1334 795 1410 καμίυυν
807 1331 860 1394 παλ
875 1324 1020 1413 όργόναυ,
1036 1334 1106 1415 περί
1120 1333 1299 1414 ἐξατμίσευς

206 1419 261 1478 τοῦ
270 1416 360 1477 θείου
369 1412 410 1494 ¹²)
426 1410 546 1489 ὕδατος,
565 1415 633 1498 περὶ
646 1410 807 1497 ποσότητος
819 1413 923 1494 πυρός,
943 1415 1012 1498 περὶ
1024 1412 1173 1497 ποιήσεως
1185 1420 1298 1496 γαλιιοῦ

206 1502 340 1576 ξανθοῦ,
360 1496 430 1582 περὶ
440 1496 610 1573 ίευκοόσεως
621 1506 810 1583 μαργαριτῶν
825 1502 955 1583 κιββῦν,
969 1500 1037 1584 περί
1045 1497 1194 1583 ποιήσεως
1207 1495 1298 1583 όσβί·

207 1583 372 1666 στου,περὶ
386 1586 503 1665 βαφῆς,
532 1583 601 1666 περί
623 1579 788 1665 όπτήσεως,
810 1586 880 1669 περὶ
895 1579 1094 1662 ξανθοίσεως,
1115 1587 1219 1666 βίβλος
1236 1589 1298 1649 miv

205 1671 341 1743 κλειδῶν,
350 1663 528 1749 χειρόκμητα
534 1679 567 1728 et
574 1669 631 1761 alia
638 1670 781 1730 eiusmodi
794 1669 1157 1751 chimicahypomnemats
1165 1671 1298 1730 uirum·

206 1756 375 1814 feruntur.’'
390 1755 427 1813 Et
436 1753 515 1813 liber
524 1757 746 1836 manuscriptus
760 1776 891 1835 graecus,
901 1776 960 1834 quo
968 1756 1045 1815 idem
1053 1755 1206 1814 lieinesius
1215 1774 1297 1832 usus,
1411 1799 1414 1805 ,

206 1858 243 1897 ac
257 1840 307 1897 cui
324 1838 429 1897 titulus
446 1848 505 1898 est:
527 1836 655 1912 Λεξυιὸν
670 1836 745 1902 κατὰ
763 1846 908 1920 στοιχείου
921 1844 976 1921 τῆς
995 1838 1202 1920 γρυσοποιίας,
1223 1838 1299 1899 hasa

206 1924 298 1982 verba
313 1922 471 2001 separatim
486 1932 605 1982 exarata
623 1921 726 1983 habet:
748 1969 768 1999 „
783 1926 932 2001 Γίυωσκε,
953 1915 979 1985 oi
995 1925 1081 2001 φίλε,
1101 1922 1153 1985 stol
1166 1918 1204 1985 sti
1220 1916 1298 1988 o’vo'·

206 2031 285 2087 ματα
307 2011 367 2069 τῦυ
383 2010 534 2085 ποιητῦνε
560 2004 675 2087 (none
697 2007 912 2087 significatione
932 2008 1066 2086 vulgari,
1086 2007 1139 2067 sed
1162 2007 1298 2113 appella-

206 2092 319 2152 bantur
339 2093 515 2171 ποιηταί,
537 2092 589 2169 qui
609 2112 723 2151 sacrans
744 2102 774 2151 ot
788 2101 1031 2169 magnam-artem
1049 2114 1231 2173 γημευτιιιηυ
1245 2088 1299 2155 παλ

206 2181 262 2257 τῆς
275 2174 719 2258 γρυσοποιίαςμτοίιίοὶιοοίυτ.)
760 2171 849 2260 'Am'
863 2173 906 2262 ¹⁸)
929 2172 1070 2253 Πλάτων,
1091 2173 1298 2260 Ἀριστοτέλης,

205 2256 347 2340 Ἰωάννης
356 2254 462 2341 ἱερεύς,
470 2256 665 2342 Δημόκριτος,
682 2256 890 2342 Ζοόσιμοςό
906 2260 971 2343 μέγ
980 2286 1036 2337 ας,
1049 2256 1299 2342 Ὀλυμπιόδωρος,

206 2344 362 2423 Στέφανος
385 2344 405 2407 o‘
424 2339 606 2421 φιλόσοφος,
628 2342 772 2425 Σοφοίρό
793 2347 827 2408 ἕν
849 2347 991 2424 Περσίδι,
1014 2342 1176 2419 Συνὲσιος,
1190 2338 1298 2407 ‘'Ourd-

206 2453 264 2509 υης
284 2422 342 2492 oin’
359 2423 516 2507 Αἰγύπτου
538 2432 624 2489 εῑο.’”
667 2430 707 2488 Et
726 2428 976 2509 Olympiodorus,
997 2425 1126 2509 ποιητής
1143 2425 1178 2492 τό
1197 2422 1300 2509 ἐπιτή-

206 2516 317 2595 δευμα,
347 2512 406 2594 (uti
428 2511 552 2573 Photius
576 2512 643 2572 cod.
669 2516 721 2579 80.
741 2533 809 2573 eum
831 2510 991 2595 appellat),
1016 2514 1050 2572 in
1069 2512 1165 2575 libros
1187 2513 1298 2574 Zosimi

206 2608 425 2659 commentatus
444 2606 505 2674 est,
525 2592 582 2660 ‘dou
596 2592 656 2661 ἆπό
670 2596 783 2678 Ἑρμοῦ
798 2596 850 2661 παλ
868 2602 929 2661 τῶν
947 2592 1122 2678 φιλοσόφων
1140 2598 1211 2681 (hoc
1225 2619 1297 2678 quo·

208 2704 267 2761 que
284 2684 406 2743 nomine
428 2682 460 2745 ολ
481 2684 657 2764 χρυσοπυισί
675 2679 864 2765 dicebantur)
888 2676 968 2761 ἦσαν
985 2682 1140 2764 είρημένατ
1169 2682 1298 2743 Reinesii

206 2770 277 2830 Var.
291 2770 371 2828 Lect.
385 2767 452 2828 libr.
459 2766 481 2825 l.
497 2786 562 2845 pag.
574 2773 595 2831 7
610 2777 640 2825 et
652 2770 730 2831 8.-
740 2768 823 2839 Quae
833 2767 916 2844 apud
930 2767 1088 2843 Georgium
1101 2786 1118 2825 e
1130 2767 1247 2826 Zosimo
1259 2766 1298 2826 de

206 2854 318 2931 angelis
333 2852 421 2928 legis,
445 2870 462 2908 e
477 2849 583 2908 Genesi
598 2860 629 2908 et
650 2851 767 2909 Enochi
784 2849 935 2909 vaticiniis
947 2851 1075 2929 repetita
1089 2859 1170 2928 suut,
1192 2847 1299 2931 σχεδόν

206 2934 286 3010 ἅπας
302 2931 390 3017 λόγος
403 2930 534 3014 φανερός
553 2932 604 2995 καί
620 2926 801 3015 οἷπόιιρυφος
816 2938 906 2998 τοῦτο
926 2930 1165 3016 ίμνημόνευσιυε
1186 2936 1298 2997 mulie-

204 3041 274 3082 rum
288 3019 429 3100 cupidine
450 3028 547 3077 tactos
568 3019 688 3098 angelos
712 3020 746 3078 iu
764 3028 875 3079 terrem
896 3020 1096 3097 descendisse,
1117 3030 1298 3100 naturaeque

203 3107 301 3184 vires,
323 3124 371 3165 res
383 3123 492 3185 pravas
507 3113 537 3163 et
550 3104 648 3162 animo
664 3103 819 3164 hominum
833 3124 1015 3184 nequaquam
1029 3106 1118 3164 utilas
1126 3150 1135 3181 ,
1154 3105 1223 3174 illss
1238 3107 1297 3164 do·

205 3192 321 3252 cuisses
342 3199 372 3250 et
388 3188 517 3270 primum
534 3189 655 3268 quidem
671 3210 718 3249 oss
729 3200 815 3264 artes,
836 3210 908 3267 quas
921 3189 1057 3269 Aegyptii
1072 3193 1165 3269 Χημῦ
1176 3198 1295 3268 vocent,

173 3343 176 3348 ,
206 3277 288 3337 unde
302 3286 333 3336 et
346 3295 454 3335 nomen
469 3275 666 3353 τῆςΧημείας
685 3284 785 3332 ortum
797 3274 836 3331 sit
848 3271 902 3355 ¹⁹).
926 3305 967 3318 -
988 3275 1102 3331 Nomen
1115 3292 1227 3332 novum
1240 3282 1297 3351 est,

206 3362 245 3422 da
262 3382 322 3441 quo
341 3362 400 3418 iam
413 3358 660 3439 supradiximus:
683 3376 750 3417 num
764 3359 797 3415 in
811 3357 982 3433 fragmentis
993 3356 1205 3418 conuiuiorum
1218 3358 1297 3418 Eno-

206 3447 257 3507 ciri
273 3456 351 3505 astes
368 3445 404 3501 sb
419 3445 529 3521 angelis
545 3443 651 3507 doctus
671 3443 842 3502 nominibus
853 3446 977 3522 graceio
994 3451 1156 3503 vocantur:
1179 3466 1299 3523 φαρμα-

205 3534 303 3607 κείαι,
323 3530 490 3605 tusorum,
518 3529 669 3606 μαντείαν,
696 3528 843 3608 γοητείαι,
864 3524 902 3589 τό
928 3523 1062 3608 βαφικοῖ,
1089 3521 1298 3608 τίστροσκοπία,

206 3610 406 3699 οἶεροσιιοπία,
421 3610 528 3685 πῦςτό
539 3615 662 3693 χρυσίον
676 3607 859 3696 ἐργάσωνται
873 3609 988 3677 παλτόν
1002 3609 1134 3695 όργυρον
1147 3635 1174 3674 ιι.
1181 3636 1207 3676 τ.
1217 3618 1242 3675 λ.
1250 3610 1298 3695 ²⁰)

243 3782 301 3898 wil
308 3779 338 3834 ἔν
350 3776 490 3902 τῷιὲνοὲτῳ
503 3773 662 3901 τηῖςῗίμοῦβ3
667 3777 685 3847 β
680 3776 704 3897 l}
707 3779 746 3848 βλ
741 3794 774 3899 ep
781 3846 804 3897 F
804 3776 844 3898 gip
852 3775 1027 3898 ‘sfaligaffi
1035 3775 1222 3899 Egsbgpnlalp.
1232 3774 1287 3902 24731
1290 3795 1299 3842 3

276 3865 780 3987 esitii?iitesiiiiiini’ii'genini'sst2
797 3862 1008 3986 μηῗόόμιίιό.
1029 3884 1036 3899 ’
1081 3863 1299 3984 insilii&

276 3985 336 4037 dum
362 3985 397 4036 sit
424 3987 586 4055 deonoti?
677 3984 725 4052 18)
747 3986 787 4037 sn
812 3982 947 4053 logendsus
977 3983 1013 4037 sit
1041 3978 1167 4054 υἷργὴν,
1197 3982 1300 4054 primo?

279 4054 325 4120 19)
343 4054 408 4120 Peg·
422 4059 464 4111 13.
481 4058 515 4108 Ι).
533 4052 688 4124 φάσκουσιν
707 4051 737 4106 αλ
754 4052 827 4119 ἱεραί
845 4052 965 4122 γραφαί,
988 4048 1071 4120 ἦτοι
1086 4054 1216 4126 βίβλοι.
1251 4052 1300 4105 Ul·

278 4122 339 4174 tima
354 4122 435 4174 verba
453 4124 540 4178 deleo:
557 4124 637 4193 inepti
654 4122 805 4191 glossatoris
826 4128 895 4175 sunt.
912 4150 947 4161 -
976 4123 1064 4175 artem
1082 4138 1145 4175 vero
1159 4121 1299 4174 clinicam

279 4190 436 4272 iulegypto
452 4194 485 4276 ab
502 4192 683 4262 antiquissimis
699 4190 855 4274 temporibus
873 4190 981 4243 maxime
996 4192 1122 4281 monitam
1139 4189 1234 4255 inisse,
1258 4189 1299 4242 di-

279 4258 1299 4400 serenioremrinsnanninus-s

281 4394 361 4469 νοὸς,
377 4397 427 4487 sol
446 4395 523 4469 ῥίζας
540 4400 668 4471 βοτανῶν
688 4400 738 4469 τῆς
755 4400 814 4469 γῆς.
854 4398 959 4454 Gustus
978 4402 1069 4454 conus
1087 4398 1222 4453 vorborum
1239 4412 1299 4451 ssu-
