3109 4959
516 459 576 525 ΕΤ
598 454 950 525 ANNOTATIONES.
1203 443 1281 523 509

273 613 374 699 Μὲχρι
385 614 514 697 τῆρ’νῦν
529 608 622 695 ιῖρχῆς
633 608 855 694 Ἀλεξάνδρον]
873 613 944 673 Post
956 635 1050 676 annos
1061 613 1099 674 ab
1113 612 1185 677 orbe
1199 634 1282 677 cree-

188 710 222 759 t'o
241 698 331 767 4725.
348 702 455 780 quibus
476 701 545 760 iniit
562 700 716 780 Olympias
738 699 833 779 prima
854 698 893 756 ad
911 720 1022 761 annum
1044 703 1140 768 6159.
1163 720 1224 780 quo
1243 721 1282 762 ex

189 786 370 846 correctiore
385 788 500 847 calculo
513 786 623 865 regiam
639 786 737 845 sedem
754 783 828 842 adiit
838 784 1015 862 Alexander,
1029 786 1100 846 anni
1112 804 1282 847 numeran-

187 880 239 930 tur
252 871 323 936 433.

271 951 341 1017 ’sind
360 952 393 1017 dl
412 956 521 1036 Τροίας
535 946 694 1033 citriorum]
715 952 845 1031 Contigit
864 974 943 1012 anno
958 962 1028 1033 post
1045 952 1151 1013 mundi
1172 951 1282 1015 condi-

187 1048 252 1098 tum
271 1042 362 1106 4330.
378 1061 394 1098 a
412 1061 472 1119 quo
494 1040 532 1099 ad
550 1058 658 1097 atinum
675 1038 767 1104 5159.
783 1039 872 1096 medii
889 1042 960 1105 828.
977 1039 1193 1101 intercurrunt.
1234 1039 1284 1099 Ad

188 1124 307 1183 Eusebii
327 1134 454 1185 mentem
474 1124 558 1185 eliud
578 1122 700 1183 calculis
720 1124 852 1201 pretium
875 1124 981 1183 adiicit
996 1124 1126 1201 Scaliger
1144 1123 1300 1211 Animadr

210 1229 254 1270 ν’.
271 1212 342 1276 259.

187 1229 244 1289 Pb
275 1290 361 1354 Karai
374 1291 547 1371 Δέξιππον]
569 1292 665 1352 lluiua
686 1292 722 1350 de
743 1291 954 1352 Macedonibus
970 1291 1151 1352 narrationis
1164 1290 1284 1372 Dexip-

187 1397 262 1457 pum
278 1378 431 1437 authorem
449 1378 577 1458 primum
591 1377 664 1437 haec
676 1376 765 1435 verba
782 1387 919 1455 arguunt.
964 1378 1037 1451 Quis
1053 1378 1144 1437 luerit
1157 1376 1283 1438 Trebel-

188 1462 246 1521 lius
259 1462 355 1522 l‘ollio
372 1464 404 1521 in
422 1463 567 1521 Gallienis
585 1462 701 1521 duobus
722 1462 874 1523 edisserit:
895 1466 971 1523 Dux
985 1475 1013 1520 et
1028 1465 1157 1541 scriptor
1170 1472 1283 1540 tempo-

187 1566 272 1621 rum,
296 1547 419 1606 Athenis
440 1549 536 1627 patria
562 1547 682 1626 dignust
704 1547 746 1605 De
771 1548 931 1607 Alexandri
950 1548 1053 1626 gestis,
1085 1547 1121 1607 de
1141 1544 1283 1626 Scythice

189 1631 320 1691 Gallieni
334 1630 542 1713 expeditione,
564 1634 597 1691 in
618 1633 797 1709 categorias,
819 1643 849 1693 et
863 1634 921 1691 alia
935 1633 1100 1712 scripsisse,
1120 1630 1283 1712 Eunapius,

187 1716 325 1785 l’hotius,
347 1717 470 1791 Saidas,
492 1726 522 1773 et
533 1718 653 1774 Taetaes
666 1725 822 1777 testantur.
865 1717 932 1774 Alia
946 1718 984 1775 de
1000 1718 1071 1777 viro
1086 1716 1230 1795 Scaliger,
1252 1723 1285 1775 et

188 1798 312 1859 Vossius
337 1800 388 1859 lib.
408 1806 438 1867 2
475 1800 625 1877 Excerpta
644 1799 680 1857 de
701 1799 900 1876 legationibus
926 1799 1031 1877 llegiae
1053 1799 1284 1880 Typographise

188 1882 334 1941 nonnulla
349 1884 413 1942 eius
427 1885 589 1960 fragmenta
606 1892 839 1963 repraesentant.
882 1884 993 1943 Utrum
1012 1904 1104 1963 porro
1117 1881 1192 1947 eard
1204 1883 1285 1959 λέξιν

188 1968 389 2027 narrationem
408 1968 486 2026 hanc
501 1969 669 2047 Dexippus,
689 1969 738 2026 vel
755 1988 793 2026 ex
805 1968 868 2027 eius
883 1968 1004 2049 scriptis
1016 1968 1161 2047 Georgius
1174 1969 1284 2029 wardi-

188 2052 281 2123 derit:
304 2051 451 2111 incertum
467 2061 521 2112 est.
562 2054 676 2111 Laudat
694 2052 773 2111 enirn
792 2053 960 2133 llexipputn
977 2052 1137 2131 Georgium
1158 2053 1221 2114 eius
1235 2063 1284 2113 ta-

186 2156 254 2197 men
273 2135 352 2195 hanc
364 2157 425 2196 esse
444 2136 604 2196 dictionem
621 2134 703 2195 haud
714 2137 835 2197 asserit:
856 2157 946 2217 quare
960 2158 1023 2196 non
1040 2138 1169 2220 Dexippi
1183 2136 1284 2199 histo·

186 2220 279 2297 riam,
300 2221 353 2280 sed
370 2243 386 2280 a
406 2222 533 2299 Georgia
549 2222 709 2302 Synopsim
728 2222 869 2300 digestam
884 2223 1032 2285 existimo.

271 2306 338 2384 Peg·
360 2307 432 2373 264.
444 2300 528 2386 ’Ἅμα
541 2312 580 2391 τῇ
597 2300 742 2391 βαρβάρῳ
758 2307 857 2392 διαίτῃ
876 2307 926 2386 ἔτη
945 2305 995 2387 ἔξ]
1024 2306 1051 2368 A
1070 2304 1188 2369 devicta
1203 2305 1284 2368 Per-

187 2388 246 2449 sia:
267 2399 358 2471 prout
372 2391 474 2449 Canon
489 2400 611 2469 uterque
624 2390 849 2451 Mathematicus
862 2402 892 2451 et
903 2392 1129 2452 Ecclesiasticus
1143 2391 1283 2454 dmermi'-

186 2484 270 2533 nant.
313 2476 499 2535 Praesentem
517 2476 673 2535 lectionem
690 2477 826 2535 emendat
841 2478 972 2556 Scaliger
985 2497 1052 2557 pag.
1067 2478 1119 2544 48.

271 2557 393 2623 Λοιιιὸν
406 2559 458 2623 καὶ
472 2556 544 2634 τούς
557 2557 621 2639 μετ’
635 2557 749 2642 αὐτόν]
771 2561 831 2620 Ista
850 2563 1046 2641 paucioribus
1062 2568 1217 2623 contracta
1233 2561 1284 2623 le·

185 2662 237 2724 ges
250 2645 330 2725 apud
347 2645 507 2704 Eusebium
523 2646 664 2724 Scaligeri
677 2640 743 2727 pag.
758 2645 810 2710 48.

272 2728 333 2792 ttat
345 2723 492 2809 Ῥωξάνης
508 2733 563 2808 τῆς
578 2730 730 2813 Δαρείου]
752 2730 795 2789 ttt
809 2728 958 2791 Authores
974 2729 1120 2811 plerique,
1135 2729 1179 2790 ita
1189 2730 1283 2789 Geor.

185 2811 252 2889 gius
270 2832 361 2893 unus,
382 2814 473 2895 modo
493 2814 632 2893 Darium,
654 2815 745 2875 modo
761 2814 927 2895 Oxyartem
945 2816 1083 2877 Roxanes
1098 2825 1214 2898 patrem
1232 2815 1284 2874 as-

182 2896 295 2959 firmet.
316 2916 320 2923 ’
960 2938 961 2942 =

271 2984 340 3063 Peg·
360 2984 432 3052 265.
455 2979 542 3047 ttoet
557 2978 614 3065 τὴν
628 2978 694 3066 psb‘.
715 2978 928 3064 Ὀλυμπιάδα]
958 2984 1122 3047 character
1145 2983 1208 3047 MS.
1230 2983 1283 3043 in-

185 3074 235 3125 ter
249 3064 317 3146 psa'.
330 3076 360 3127 et
373 3064 440 3145 σοῦ’.
460 3068 498 3128 ob
513 3068 718 3130 characterum
732 3071 906 3130 affinitatem
920 3080 950 3129 et
962 3069 1205 3132 incertitudinem
1224 3069 1283 3128 ob-

188 3168 295 3209 scurus
315 3151 464 3230 scaligero
485 3173 552 3234 pag.
572 3153 621 3219 48.
643 3154 754 3233 legitur
770 3149 831 3235 ρκ’.
848 3155 1004 3234 Olympias
1021 3157 1090 3221 114.
1107 3174 1145 3213 ex
1161 3152 1284 3213 Antho-

186 3234 230 3295 ris
248 3245 391 3313 computo
408 3236 441 3295 in
460 3256 570 3296 annum
585 3241 678 3303 6178.
695 3239 820 3314 incidit,
842 3239 897 3318 qui
913 3239 1071 3298 Cassandri
1085 3237 1283 3300 Macedonum

186 3318 265 3397 regis
279 3317 402 3380 secundi
415 3320 540 3401 imperio
551 3321 634 3380 dedit
648 3323 777 3398 initium,
798 3323 925 3382 Aridaeo
942 3332 1013 3403 post
1024 3322 1109 3402 regni
1121 3324 1282 3404 septimum

186 3402 294 3463 mundi
306 3404 398 3472 6177.
422 3405 610 3485 Olympiadis
628 3409 698 3472 113.
711 3426 791 3465 aiano
806 3408 837 3474 4.
857 3406 936 3466 viris
950 3418 1070 3487 ereptos
1090 3428 1186 3488 aquo
1204 3410 1281 3491 βρα-

185 3484 244 3570 2sz
257 3482 368 3570 χρόνον
384 3484 507 3569 ὕστερον
520 3489 675 3569 Olympias
690 3490 853 3550 Alexandri
868 3492 1161 3556 materiaterlieitur.

270 3573 339 3651 Peg·
361 3578 435 3641 266·
452 3572 525 3655 Ἒτη
541 3569 578 3654 β’.
594 3573 646 3637 καὶ
662 3580 762 3656 μῆνας
778 3570 831 3656 ς’]
861 3577 963 3636 Annos
986 3577 1125 3658 equidem
1148 3579 1282 3660 quinque

185 3656 366 3737 Lysimacho
388 3658 516 3739 assignat
537 3660 666 3741 Dexippi
687 3662 864 3721 laterculum
882 3662 921 3721 ad
943 3664 1105 3741 marginem
1124 3684 1191 3744 pag.
1208 3668 1281 3729 262

184 3740 269 3801 Duos
289 3763 327 3802 ex
345 3743 520 3805 authoribus
543 3745 607 3805 aliis
625 3744 755 3805 detrahit
768 3746 912 3825 Georgius
928 3768 993 3827 pag.
1011 3748 1130 3816 270.B.
1146 3753 1283 3827 quaeest

184 3829 352 3907 praesentis
367 3830 582 3890 emendationis
595 3830 683 3891 ratio.
728 3831 883 3892 Caeterum
902 3852 1017 3893 manses
1037 3832 1152 3914 aliquot
1171 3832 1205 3891 in
1224 3850 1282 3889 an-

185 3928 260 3971 num
276 3933 294 3972 a
308 3913 437 3990 Georgio
450 3916 550 3996 puten'
567 3915 638 3974 alibi
656 3915 892 3980 observavimus.

270 3995 426 4079 Βασιλεύει
443 3999 492 4079 ἔτη
507 3994 575 4079 λβ]
598 4001 659 4059 Cur
673 4020 767 4062 annus
784 4003 860 4064 alter
880 4001 914 4061 in
933 3999 1141 4063 emendatione
1162 3996 1283 4060 additus

183 4096 251 4161 pag·
270 4084 343 4148 274.
360 4083 417 4142 sub
430 4084 551 4143 initium
568 4084 682 4148 edocet.

271 4166 341 4243 Peg·
363 4172 434 4235 267.
456 4164 613 4233 Βασιλεύει
629 4163 822 4234 Μακεδόνων
836 4171 886 4254 ivn
901 4165 977 4251 ρὸ]
997 4169 1042 4229 lta
1059 4167 1204 4245 Georgius
1218 4187 1282 4229 non

183 4268 245 4310 uno
260 4249 339 4310 loco.
369 4253 510 4332 Scaligeri
524 4253 740 4334 Typograplms
756 4254 806 4336 ἔτη
819 4253 875 4319 ed'.
896 4258 1035 4317 Erronee.

275 4330 318 4397 Tol
331 4332 426 4415 ἡμίση
440 4343 501 4400 τοῖν
515 4345 608 4401 aalma
624 4340 719 4401 didus
733 4336 936 4420 προσέταξεν]
960 4340 1057 4398 Locus
1071 4337 1110 4398 ob
1126 4358 1282 4419 apparen-

181 4428 227 4482 tes
240 4420 378 4481 soloecos
401 4421 536 4486 vitiatus.
578 4423 606 4482 A
621 4425 734 4483 Senatu
754 4426 867 4507 quippe
885 4424 925 4485 ad
943 4424 1106 4504 Romanos,
1128 4434 1159 4487 et
1176 4422 1214 4484 ab
1232 4422 1282 4486 his
