3109 4959
613 424 922 512 mssrerarro.
1267 432 1318 506 ts

227 596 462 659 abdominibus
488 620 524 659 na
547 598 724 657 indubitata
744 597 865 678 quidem
879 601 999 676 fuerim
1027 607 1059 660 et
1085 599 1167 680 quod
1193 619 1320 679 reguum

226 680 420 763 Nembrodis,
442 684 549 745 Genesi
569 692 711 761 testante,
732 685 864 764 primum
881 704 1007 765 regnum
1024 694 1120 747 terrae
1141 684 1231 747 subse
1244 705 1320 747 nar-

226 776 318 828 retur.

309 850 404 913 Huius
418 852 591 930 sententiae,
612 851 747 913 homiues
759 862 830 913 ants
848 852 994 914 diluvium
1007 854 1041 913 in
1052 853 1110 914 lrsc
1124 863 1227 915 nostra
1241 863 1322 914 terra

226 954 290 994 non
303 934 466 1014 habitasse,
486 937 655 999 testimonia
677 939 823 1019 producit
837 939 983 1017 Georgius
997 939 1030 1002 ἔοι
1041 962 1073 1003 τε
1085 943 1140 1021 τῆς
1152 940 1240 1013 θείας
1252 961 1323 1022 ypa-

227 1022 291 1099 φῆς
309 1019 361 1083 καί
381 1021 415 1084 ἔκ
434 1044 525 1086 τινοιν
543 1028 697 1107 πατρικῶν
718 1027 891 1107 μαρτυριῶν
909 1043 975 1104 pag.
1001 1025 1051 1091 14.
1076 1026 1111 1086 l).
1135 1032 1166 1085 et
1187 1022 1321 1105 pag.16.

227 1104 384 1186 Scriptura
408 1108 484 1168 enim
510 1108 611 1169 divina
632 1108 723 1169 dicit:
755 1110 815 1186 „Et
836 1109 923 1168 eiecit
945 1109 1093 1170 Adamum
1113 1118 1144 1171 et
1161 1106 1323 1169 collocavit

227 1208 295 1249 eum
315 1184 458 1256 datram
478 1198 534 1255 rosi
553 1194 755 1276 παραδείσου,
776 1213 877 1251 coram
896 1193 1053 1272 Paradiso,
1072 1195 1093 1254 i.
1119 1215 1146 1256 a.
1164 1181 1261 1273 pro'pe
1283 1190 1323 1251 ad

226 1273 409 1337 Paradisum.
450 1277 615 1356 Babylonia
635 1288 732 1335 antem
750 1286 779 1335 et
793 1285 893 1335 nostra
907 1287 987 1338 terra
1001 1279 1140 1339 universa
1148 1298 1255 1354 magno
1270 1276 1324 1335 in·

226 1360 355 1417 tervallo
385 1360 478 1419 distat
499 1362 535 1419 sb
560 1363 595 1420 in
613 1363 757 1420 orientem
776 1380 863 1422 versa
888 1361 997 1437 Edem,
1017 1361 1052 1420 in
1074 1382 1132 1441 qua
1150 1360 1324 1421 Paradisum

227 1461 291 1500 essa
318 1442 453 1505 dicimus.
495 1446 593 1524 Atque
612 1456 649 1505 ut
669 1446 760 1505 huius
781 1446 855 1505 dicti
868 1454 972 1506 testem
986 1445 1114 1526 aliquem
1130 1450 1192 1509 sair
1206 1436 1324 1523 θεοφδ·

227 1548 290 1607 ρων
303 1524 505 1599 διδασκάλων,
522 1530 685 1608 ,doctorum
702 1530 824 1591 numine
840 1530 1017 1591 adllatorum
1031 1532 1250 1612 producamus,
1270 1528 1324 1589 ad·

226 1610 268 1670 tit
291 1611 379 1672 nobis
403 1611 423 1677 d
442 1620 529 1689 θεῖος
550 1610 694 1699 Ἐφραίμ,
730 1614 754 1697 ἡ
783 1610 1007 1698 οιίιεανδβρατος
1031 1620 1168 1698 γλῶσσα,
1198 1613 1325 1673 divinus

226 1696 394 1776 Ephrem,
415 1697 517 1778 lingua
539 1700 593 1760 illa
617 1721 727 1760 oceasio
752 1700 937 1777 eloquentiae
959 1700 1125 1759 scaturiens
1137 1698 1200 1778 ²⁸),
1219 1698 1272 1778 qui
1290 1697 1325 1757 in

227 1779 414 1840 orationibus
427 1782 601 1859 dogmaticis
614 1784 652 1841 de
667 1783 808 1841 Paradiso
821 1782 879 1841 lroc
893 1792 981 1862 pacto
996 1782 1090 1843 dicit:

313 1864 460 1923 Omnibus
478 1866 687 1926 altitudinibus
709 1867 842 1926 amoenis
867 1867 957 1926 altior
980 1876 1024 1926 est
1040 1865 1212 1940 Paradisum
1234 1864 1325 1924 diln-

227 1946 273 2007 vii
285 1968 378 2027 aquae
394 1949 432 2009 sd
446 1949 510 2009 eius
525 1951 640 2011 radices
653 1961 770 2012 tantum
783 1951 962 2031 perti-nuere.
999 1951 1141 2011 Homines
1157 1970 1228 2010 vero
1244 1949 1326 2008 dilu-

227 2032 278 2094 vio
299 2034 483 2113 antiquiores
507 2035 587 2106 inter
611 2038 763 2097 Oceanum
781 2046 810 2096 et
834 2037 1006 2097 Paradisum
1028 2035 1216 2095 habitarunt:
1239 2033 1326 2093 Caini

227 2117 344 2178 soboles
366 2118 401 2177 in
416 2129 496 2180 terra
509 2122 576 2181 Nod
587 2122 608 2182 i.
626 2143 652 2183 e.
667 2123 797 2183 tremula
811 2120 879 2197 ²⁴);
901 2121 957 2181 filii
970 2120 1053 2181 sethi
1067 2122 1100 2180 in
1114 2130 1194 2180 terra
1208 2120 1326 2199 altiore,

227 2222 283 2280 ne,
304 2203 352 2263 uti
367 2203 402 2262 ab
416 2205 530 2265 Adamo
545 2207 734 2283 insuerent,
756 2228 825 2266 cum
840 2206 925 2266 Caini
939 2206 1109 2267 fratricidae
1123 2205 1225 2264 sobole
1239 2224 1326 2263 com·

227 2289 433 2351 miscerentur.
476 2291 560 2351 Caini
583 2292 700 2351 soboles
723 2300 787 2364 erat
810 2291 933 2351 humilis
954 2301 1084 2351 staturae
1104 2300 1229 2371 propter
1247 2308 1326 2349 exe-

230 2372 393 2432 crationem
414 2374 599 2455 inCainum,
619 2376 676 2436 filii
691 2376 774 2447 Sethi
796 2386 883 2437 erant
899 2376 1039 2455 Gigantes
1056 2385 1093 2436 et·
1105 2386 1247 2454 tanquam
1267 2394 1326 2432 an-

228 2456 287 2535 geli
308 2457 361 2516 llei
380 2458 413 2515 in
438 2460 498 2520 alta
519 2460 706 2543 regione²⁶).
749 2462 844 2522 Filiae
863 2482 935 2522 vero
958 2461 1040 2521 Caini
1054 2461 1092 2520 ad
1107 2481 1158 2521 eos
1173 2460 1326 2541 profectae

227 2541 350 2602 musicis
369 2542 451 2604 tibiis
469 2555 498 2605 et
517 2547 630 2627 cinyris
651 2547 838 2607 deducerunt
857 2567 907 2607 eos
926 2546 964 2605 de
975 2545 1096 2623 regione
1110 2547 1180 2616 alta,
1201 2545 1324 2621 illisque

227 2637 413 2708 nupserunt:
437 2643 638 2692 accrescente
657 2633 754 2710 legum
771 2641 923 2691 contemtu
943 2641 1079 2690 exortum
1094 2639 1138 2689 est
1166 2629 1325 2687 diluvium.

227 2712 267 2773 Et
287 2713 392 2772 eduxit
406 2714 485 2774 Deus
504 2737 602 2775 arcam
623 2718 701 2775 Nobs
714 2717 747 2775 in
768 2726 899 2775 montem
915 2715 1044 2790 Ararat,
1067 2723 1097 2772 et
1111 2713 1220 2773 dehinc
1238 2711 1326 2770 habi·

226 2805 332 2857 tarunt
344 2796 481 2859 homines
496 2800 553 2859 hac
567 2804 600 2859 in
614 2809 703 2861 terra.
737 2801 786 2859 Ex
801 2820 861 2878 quo
877 2808 969 2880 patet,
990 2809 1099 2858 terram
1116 2818 1196 2857 nunc
1212 2797 1324 2854 cultam

226 2892 303 2942 tunc
323 2882 469 2943 incultam
488 2885 593 2945 fuisse:
615 2906 685 2943 nam
711 2884 915 2944 misericordia
934 2883 986 2943 Dei
1004 2882 1176 2943 habiturust
1191 2879 1328 2940 homiues

228 2975 298 3025 ante
318 2966 468 3028 diluvium
491 2969 525 3029 in
544 2970 713 3049 regionibus
727 2990 823 3051 prope
837 2970 876 3028 sd
892 2968 1062 3029 Paradisum
1077 2969 1136 3046 (εἰς
1148 2962 1185 3030 τοί
1198 2968 1329 3046 πλησίον

228 3054 284 3111 τοῦ
303 3054 499 3132 παραδείσου)
518 3055 599 3118 inter
621 3057 772 3116 Oceanum
794 3065 826 3115 et
847 3055 1029 3115 Paradisum.
1072 3054 1171 3132 Caligo
1187 3073 1258 3112 vero
1274 3070 1328 3109 ex-

228 3133 331 3207 terior,
343 3135 380 3193 de
395 3158 451 3214 qna
465 3139 600 3201 Christus
615 3142 699 3218 dicit,
715 3140 795 3199 intra
808 3141 979 3221 paradisum
993 3148 1047 3200 est.
1075 3140 1233 3200 Paradisus
1247 3136 1328 3195 enim

229 3238 300 3277 oum
327 3219 447 3279 Oceano
466 3232 565 3283 totum
591 3226 693 3284 orbem
711 3234 859 3283 terrarum
888 3226 921 3281 in
934 3224 1046 3283 circulo
1064 3224 1172 3296 ambit,
1194 3221 1226 3279 in
1240 3220 1328 3298 plaga

229 3302 369 3363 orientali
388 3305 482 3365 Edem
511 3318 571 3384 est,
599 3317 629 3367 et
645 3309 758 3367 lumina
780 3308 857 3366 Solis
877 3308 1034 3385 Lunaeque
1054 3305 1134 3365 intra
1152 3305 1326 3366 Paradisum

230 3387 373 3448 oriuntur
393 3398 481 3470 atqua
506 3412 541 3453 eo
562 3403 717 3473 peragrato
736 3402 823 3453 extra
844 3392 994 3452 occidunt.
1016 3390 1067 3454 sal
1081 3387 1118 3453 rol
1134 3390 1212 3470 ἑξῆς.

306 3474 347 3533 Iis
365 3474 458 3553 igitur
478 3478 531 3557 qui
543 3499 605 3538 non
620 3478 787 3559 pertinaces
799 3486 867 3537 sunt
883 3477 959 3558 (τοῖς
971 3470 1136 3556 salmantica)
1151 3476 1224 3535 liaeo
1239 3472 1327 3535 suffi-

230 3578 299 3619 cere
314 3560 459 3634 arbitror,
481 3574 515 3625 ut
525 3563 564 3625 iis
578 3586 749 3645 persuasum
760 3565 814 3639 sit,
835 3562 969 3623 homines
984 3572 1053 3621 ante
1066 3562 1215 3623 dilnvium
1229 3562 1326 3621 Ocea-

229 3664 304 3703 num
317 3645 395 3705 inter
409 3656 439 3706 et
453 3649 625 3710 Paradisum
642 3650 818 3712 habitasse.''

314 3730 460 3809 Magnam,
483 3736 528 3793 nti
544 3745 677 3816 apparet,
699 3736 907 3794 anctoritatem
928 3732 1071 3813 Georgius
1088 3730 1256 3815 Ephraemo
1268 3728 1328 3789 tri·

230 3810 314 3891 buit,
340 3816 383 3875 ita
400 3825 437 3876 ut
460 3818 548 3879 iuxta
569 3840 684 3879 sacram
708 3821 888 3900 scripturam
905 3818 1109 3881 testimonium
1131 3819 1196 3878 eius
1215 3823 1310 3897 ponat
1315 3834 1327 3887 3

265 4010 315 4081 23)
332 4015 463 4085 Georgius
482 4018 619 4088 Nysssnns
635 4017 663 4070 in
684 4015 799 4071 oratione
820 4018 923 4072 funebri
936 4019 1108 4089 Ephraesaam
1123 4014 1211 4071 laudat
1223 4031 1252 4066 re
1263 4028 1329 4067 rora

300 4084 432 4139 Ecclesiae
456 4090 626 4158 Euphraten,
644 4087 717 4140 cuins
735 4088 817 4155 ,aquis
836 4088 945 4157 irrigata
967 4090 1170 4142 Christianorum
1193 4082 1328 4136 multitudo

299 4152 443 4221 centuplum
454 4158 516 4211 fidei
530 4160 642 4211 fructum
656 4156 782 4227 producit.
831 4156 880 4222 24)
897 4159 940 4210 Ne
953 4175 1008 4209 cum
1024 4159 1112 4210 Goaro
1128 4155 1227 4205 inseras
1238 4149 1327 4225 κατῴ-

299 4237 350 4273 w·
425 4225 473 4293 25)
496 4224 609 4281 Adamas
626 4227 653 4279 in
672 4225 799 4278 Talmude
818 4234 953 4293 narratur,
976 4234 1109 4294 antequam
1130 4221 1292 4291 peccaverit,
1309 4239 1326 4275 a

300 4294 460 4358 tensusque
473 4298 507 4350 sd
520 4297 617 4351 eoelum
626 4295 790 4365 pertinuisse.
802 4295 956 4361 (Deuteron.
974 4293 1001 4349 4.
1017 4295 1076 4361 32.)
1110 4292 1249 4359 Postquam
1261 4307 1325 4343 vero

299 4358 399 4442 decima
408 4358 479 4417 vitas
493 4367 556 4422 hors
570 4365 739 4437 peccavisset,
756 4366 840 4419 Deum
851 4383 956 4421 mmmm
968 4365 992 4421 αι’
1002 4363 1159 4434 imparatas,
1173 4360 1218 4414 Ps.
1227 4361 1284 4417 139.
1297 4361 1324 4415 5.

300 4444 318 4481 ι.
334 4445 358 4483 e.
371 4445 428 4483 eum
440 4432 546 4489 minoris
559 4442 675 4491 staturae
686 4434 790 4491 iecisse.
