3109 4959
660 416 916 488 PRAEFATIO.
1270 405 1323 481 59

239 583 286 635 est
301 583 400 637 sutem
414 574 463 637 his
478 574 620 656 Scaligeri
633 574 749 652 verbis,
775 576 939 653 Georgium
955 583 1086 635 oestrum
1097 573 1174 631 scito
1188 594 1249 633 nou
1265 593 1327 633 esse

238 680 307 719 cum
329 681 417 742 quem
436 664 589 737 cohbcm,
610 682 704 739 neque
724 660 785 719 ulli
806 662 880 717 risui
897 656 942 717 od
960 659 1138 718 Ercsebmuu
1158 678 1227 717 meo
1246 680 1323 717 esse:

236 747 316 804 sotis
335 748 445 805 miram
464 769 524 807 raon
542 766 685 826 possum,
707 748 764 825 qui
780 746 922 821 fumum,
945 755 981 803 ut
1002 741 1065 802 decc
1085 745 1205 802 nombre
1225 742 1325 801 ecdem

236 828 317 887 idem
336 842 481 908 tractent,
501 834 560 910 qui
580 830 620 889 ab
642 827 743 889 eodem
759 831 915 909 principio
928 831 1076 908 profecti,
1097 830 1130 886 in
1149 825 1248 886 eodem
1258 830 1325 906 fine

235 918 467 994 conquiescunt:
495 913 576 974 idern
595 926 671 975 certe
690 916 723 974 iu
741 924 838 974 orabo
856 915 984 992 Georgia
995 914 1200 991 principium,
1222 909 1325 971 ident-

234 1019 295 1078 que
301 1002 382 1078 senas
390 1044 399 1076 ,
421 1002 477 1078 qui
491 1002 525 1057 iu
539 1021 589 1077 eo,
608 1020 696 1081 quem
715 1001 748 1057 in
761 1001 864 1057 auimo
877 998 1040 1069 habebam,
1061 996 1152 1073 Regio
1166 996 1323 1056 nimirum:

233 1083 326 1143 inira:
355 1094 383 1142 et
407 1094 506 1142 tomen
525 1086 581 1143 iste
596 1095 640 1145 ert
657 1084 816 1163 ri'p‘ucellus
833 1094 871 1141 ut
887 1082 985 1140 ulter:
1007 1080 1062 1139 red
1080 1082 1183 1140 Deum
1197 1082 1322 1140 truncor-

235 1169 345 1226 tulem!
375 1188 467 1248 quam
487 1166 594 1248 dispar
615 1180 743 1231 cunctus
763 1168 858 1226 lartius
881 1166 996 1225 uestri?
1025 1186 1098 1224 utrm
1119 1186 1184 1225 cere
1209 1162 1322 1242 dicam,

233 1251 317 1309 nihil
336 1254 370 1310 in
388 1273 420 1312 ec
439 1250 650 1333 deprehendere
665 1256 775 1333 potui,
798 1249 883 1331 quod
894 1272 941 1311 me
956 1249 1116 1310 doctiorem
1129 1252 1322 1329 facerepcr-

232 1346 292 1411 set,
320 1358 413 1416 neque
431 1338 522 1397 illum
541 1339 635 1417 legere
655 1335 747 1396 aliud
767 1349 827 1413 est,
856 1358 948 1415 queem
968 1336 1061 1395 horos
1073 1332 1219 1416 perdere).
1261 1335 1322 1394 lta.

232 1420 317 1497 beat,
344 1422 485 1501 iuquam,
516 1422 660 1502 Georgius
683 1420 808 1501 quilibet
827 1422 904 1481 alius
933 1441 1004 1480 sua:
1034 1420 1191 1499 syncellus
1218 1429 1321 1480 noster

231 1504 355 1565 unicum
371 1505 447 1583 hoc,
468 1506 551 1587 quod
572 1529 589 1566 a
608 1506 713 1567 muudi
734 1504 924 1566 incunabulis
943 1507 982 1565 ad
1002 1505 1178 1565 Diocletiani
1193 1504 1321 1564 deduxit

231 1598 374 1668 aetatem,
396 1590 566 1652 Chrouieou
578 1592 634 1652 sibi
648 1591 822 1654 vindicabit.
863 1591 907 1650 llo
924 1589 1118 1649 describendo
1133 1589 1248 1665 territi,
1271 1588 1320 1650 vel

229 1674 348 1734 Eusebii
363 1677 484 1755 scriptis
504 1676 638 1737 contenti
656 1677 797 1735 nonnulli
813 1675 906 1733 selam
923 1673 1104 1750 Syncelliaui
1120 1672 1233 1732 codicis
1248 1693 1320 1752 par·

228 1767 300 1834 tem,
321 1780 394 1838 quae
407 1763 581 1839 Pompeium
595 1760 732 1818 Iudaeam
744 1757 834 1817 armis
848 1756 1028 1835 subigentem
1041 1756 1167 1830 inducit,
1188 1755 1237 1815 vel
1251 1755 1320 1815 lulii

230 1843 363 1901 Caesaris
380 1844 569 1902 hlouarrlriac
588 1843 674 1922 ponit
693 1842 886 1901 fundamenta
896 1886 905 1917 ,
937 1840 995 1899 sibi
1016 1840 1233 1920 excernendum
1250 1840 1320 1916 rati,

228 1926 370 2003 praevia,
391 1936 428 1985 ut
448 1928 582 1987 cernitur
601 1928 633 1986 iu
648 1927 797 2006 plerisque
817 1927 898 1985 blSS.
912 1935 998 2005 parte
1018 1934 1080 1984 tota
1103 1924 1318 2005 praetermissa,

229 2009 315 2087 quasi
328 2030 345 2066 a
358 2011 500 2090 Pompeio
517 2012 566 2071 vel
580 2012 658 2072 Iulio
675 2012 797 2070 Caesare
811 2009 1085 2090 chronographiam
1104 2030 1228 2070 exorem
1243 2009 1321 2068 suis·

228 2103 273 2151 set
288 2095 461 2173 syncellus,
482 2105 511 2155 ct
528 2117 598 2177 pars
616 2095 722 2174 exigua
734 2105 807 2156 tota
829 2097 907 2156 sor-et
918 2096 1051 2175 syncelli
1066 2093 1320 2175 Clrronograplris,

226 2198 335 2259 parum
348 2180 444 2239 cautis
457 2182 619 2242 lectoribus
632 2200 801 2259 suggessere
809 2181 999 2241 credendum.
1028 2180 1117 2253 Quod
1130 2180 1221 2260 igitur
1230 2182 1319 2238 Grae·

227 2283 332 2323 corum
345 2263 578 2327 Christianorum
587 2266 744 2326 Historicis
759 2267 915 2341 sauritim,
928 2266 1150 2325 relutlltlrnicis
1159 2264 1320 2325 Troianum

226 2348 263 2407 ab
277 2368 336 2408 ovo
349 2350 461 2411 bellum
473 2360 617 2426 retexere,
638 2372 654 2409 a
668 2351 764 2430 prime
779 2351 884 2411 muudi
897 2350 1010 2410 conditi
1021 2360 1171 2410 momento
1184 2350 1222 2409 ad
1235 2370 1319 2408 suam

226 2442 352 2492 aetatem
379 2434 674 2515 chronographicunr
703 2456 778 2515 opus
806 2436 938 2512 digerere
965 2436 1122 2495 meditatus
1150 2434 1318 2514 syncellus,

225 2520 450 2579 communitate
464 2521 543 2582 vitae
558 2531 588 2581 ct
603 2540 664 2581 una
685 2520 802 2579 corasilii
816 2520 900 2581 filum
913 2520 1121 2601 abrurupente,
1143 2521 1183 2579 ad
1197 2518 1318 2577 Diocle-

223 2602 300 2661 tiani
315 2612 434 2686 tempus
450 2605 592 2681 substitit,
614 2614 644 2665 et
657 2604 753 2664 haesit
766 2606 907 2681 scribens,
929 2605 1203 2683 absolvendumque
1217 2602 1318 2662 'l'hec-

223 2686 318 2768 pbaui
336 2690 431 2749 amieo
455 2682 605 2771 superstiti
628 2689 802 2751 decessurus
825 2690 1052 2749 commendarit.
1104 2688 1196 2762 Quod
1218 2697 1316 2747 autem

223 2772 362 2835 observat
375 2776 496 2854 titulus,
518 2776 661 2855 quodque
677 2776 741 2855 ipse
760 2777 949 2853 praelaturus
967 2783 1112 2847 testatur,
1133 2773 1246 2831 veluto
1266 2772 1316 2831 di-

222 2860 317 2929 versis
339 2860 463 2919 calculis
480 2861 651 2920 tesselatum
671 2880 761 2938 opus,
783 2860 823 2916 ita
840 2857 1100 2935 chronographiae
1118 2878 1189 2917 suae
1205 2857 1314 2917 molem

224 2962 263 3000 ex
281 2944 434 3003 variorum
452 2954 606 3003 auctorum
619 2944 738 3021 scriptis
757 2942 886 3019 collegit.
928 2943 974 3002 lix
988 2943 1131 3004 Africana
1145 2952 1175 3002 ct
1188 2941 1315 3003 Eusebio

224 3046 301 3102 quae
323 3028 522 3107 decerpseris,
555 3030 618 3086 eius
641 3047 710 3087 cum
735 3028 853 3087 Eusebii
875 3026 1025 3088 Chronico
1056 3026 1255 3108 comparatio,
1284 3033 1316 3084 et

125 3148 129 3157 ·
223 3110 262 3167 dc
274 3110 415 3169 Africano
431 3112 564 3190 praefixa
580 3112 729 3191 excerptis
741 3112 912 3172 testimonia
925 3114 975 3174 vel
986 3114 1098 3192 stylus,
1121 3112 1170 3171 vel
1184 3111 1315 3189 scripto·

222 3212 292 3253 rum
313 3195 441 3275 denique
457 3196 494 3254 ad
512 3197 613 3276 priora
634 3216 744 3268 nexus,
766 3198 882 3277 plenius
897 3209 1045 3275 arguunt,
1067 3215 1155 3273 quam
1173 3204 1209 3254 ut
1223 3193 1315 3253 dubi-

221 3280 282 3338 tari
298 3279 402 3358 possit.
450 3280 558 3353 Quoad
583 3281 687 3357 licuit,
713 3292 743 3342 et
762 3284 932 3343 coniectura
953 3290 1123 3358 suggestum
1140 3287 1199 3351 cst,
1225 3278 1315 3339 buius

222 3371 253 3422 et
273 3363 395 3425 alterius
409 3367 536 3447 scripta,
557 3366 682 3448 virgulis
703 3368 741 3426 ad
756 3369 836 3426 latus
857 3366 944 3438 lixis,
965 3365 1015 3425 vel
1037 3363 1240 3424 characterum
1255 3384 1312 3422 vu-

221 3449 326 3509 rietste
345 3450 478 3515 distinxi.
521 3452 604 3525 Quae
627 3462 727 3511 tamen
742 3451 871 3509 Eusebio
888 3449 1019 3529 Scaliger
1036 3448 1179 3512 adscribit
1190 3450 1222 3507 in
1236 3468 1311 3528 pro·

220 3534 295 3613 priis
318 3537 481 3615 excerptis,
503 3546 611 3595 cunum
627 3557 664 3595 ex
677 3535 802 3594 Eusebio
816 3536 1002 3615 deprompta,
1024 3536 1081 3595 nisi
1098 3555 1143 3595 ure
1155 3534 1234 3594 ratio
1246 3555 1312 3593 mo·

220 3620 340 3679 reatin
364 3621 539 3692 adversum,
567 3640 713 3702 nusquam
736 3620 895 3681 assentiar:
926 3641 994 3681 curu
1017 3621 1143 3681 diversis
1164 3638 1311 3679 annorum

133 3746 140 3752 .
221 3706 371 3782 numeris,
399 3725 462 3764 earn
477 3706 650 3764 varietatem
665 3704 752 3763 etiam
764 3707 897 3765 confesso
911 3716 942 3765 et
953 3707 1137 3787 exprimente
1150 3704 1311 3780 Scabgern,

221 3788 357 3849 Latinum
375 3790 440 3849 eius
461 3788 650 3861 Chrorricon,
673 3798 703 3849 ct
718 3792 867 3872 Excerpta
886 3812 995 3851 nomeu
1015 3792 1097 3851 illius
1111 3810 1149 3850 ex
1168 3786 1311 3865 Scaligcri

220 3871 330 3950 placito
346 3874 541 3955 praeferentia
557 3884 698 3953 utantur3
718 3897 774 3937 nec
794 3877 877 3936 aliud
897 3876 1054 3937 Eusebium
1071 3879 1198 3944 Graece,
1219 3892 1310 3951 quam

221 3958 304 4034 quod
326 3960 524 4040 llicronymus
537 3961 642 4020 Latine
655 3961 787 4021 reddidit
800 3961 1004 4043 (interpretem
1019 3962 1097 4020 eninr
1115 3980 1174 4019 nou
1187 3956 1308 4017 Brevia·

220 4041 257 4100 rii
271 4053 429 4104 vauctor-om
450 4046 618 4126 sapientum
636 4066 707 4106 usus
733 4068 880 4126 vocesque
899 4047 1113 4125 Hieronymum
1134 4039 1307 4123 celebrant),

220 4136 321 4185 arrato
336 4130 461 4189 maximo
479 4130 642 4190 Abraharno
656 4142 685 4191 et
702 4133 773 4191 Nini
786 4133 912 4213 imperio
926 4132 1078 4213 scripsisse
1093 4141 1200 4189 temere
1213 4138 1242 4188 et
1256 4128 1308 4186 in-

167 4212 170 4217 ’
220 4212 357 4271 consulto
381 4216 583 4275 asserendum:
612 4218 664 4276 scd
687 4236 783 4295 neque
805 4217 958 4277 variorum
980 4218 1160 4276 collectanea
1181 4234 1217 4273 ex
1247 4232 1308 4273 uno

220 4298 284 4357 solo
296 4296 441 4377 prodiisse
453 4302 584 4378 prudeus
597 4302 661 4379 quis
674 4311 792 4364 asserat.
823 4302 910 4361 Enim
923 4324 995 4362 vcro
1010 4322 1065 4360 cur
1083 4309 1224 4380 excerpta
1238 4301 1310 4357 Sca·

218 4381 292 4460 liger
307 4381 467 4443 studiosius
488 4384 625 4463 ingessit,
648 4386 757 4448 oblitus
776 4407 812 4446 ea
830 4388 999 4463 intrudere,
1021 4405 1095 4466 quae
1116 4405 1184 4445 cunr
1207 4402 1311 4445 execr-
