3109 4959
273 433 349 513 458
490 507 491 512 ,
641 445 987 518 EMENDATIONES

276 602 465 666 consentiunt
484 621 587 663 ornnes
605 603 752 681 excisam,
774 605 813 664 de
828 625 926 665 mense
939 598 1010 665 licet
1024 605 1204 680 dissideant,
1224 606 1282 668 hac
1302 610 1363 669 Ρι-

273 711 361 752 eremo
376 689 439 748 sive
452 687 653 764 Munichioni,
676 688 729 746 illa
751 687 954 767 Thargelioui,
976 691 1047 751 alia
1055 692 1282 792 Sciraphorioni
1297 695 1363 752 cla-

274 777 339 836 dem
346 774 529 870 imputante.
571 773 665 833 Miror
679 774 851 833 Autumnali
869 776 1036 853 Georgium
1032 781 1221 856 reposuisse,
1244 788 1273 838 et
1294 788 1363 838 ante

271 859 423 938 tropicum
438 858 605 940 hybernum
619 859 755 918 statuisse
768 860 919 919 excidium
933 862 969 920 ab
985 862 1218 940 antiquioribus,
1242 863 1363 942 Diony-

270 944 316 1003 sio
331 943 457 1002 maxime
473 943 741 1017 Halicarnassensi,
763 953 832 1003 ante
846 947 991 1004 aestivum
1007 947 1149 1005 accidisse
1163 950 1361 1007 aestimatum.

271 1028 431 1106 sugillavit
452 1029 597 1106 Scaliger,
624 1029 676 1088 sed
698 1028 810 1089 mitius.
854 1029 1027 1105 Quomodo,
1058 1031 1174 1110 inquit,
1203 1043 1314 1110 septem
1335 1043 1363 1089 et

281 1113 370 1174 leuem
395 1111 502 1170 diebus
524 1125 597 1170 cerate
618 1113 774 1189 brumam,
801 1117 830 1172 si
849 1116 1022 1180 autumna?
1051 1116 1171 1176 Scilicet
1194 1115 1363 1196 hybernum

203 1241 205 1244 .
268 1200 422 1280 tropicum
441 1199 478 1257 ab
494 1208 637 1257 autumno
652 1197 819 1277 praeveniri
836 1200 968 1278 Scaliger
983 1201 1109 1278 ignorat.
1220 1212 1223 1217 '

353 1293 525 1377 Ἀθηναίων
546 1293 594 1361 ια’.
618 1299 807 1378 ἐβασίλευσεν
824 1294 1025 1380 Μενεσθεύς]
1045 1303 1159 1361 Rursus
1179 1303 1240 1362 ille.
1285 1307 1362 1364 Puta

268 1385 344 1444 hisee
356 1385 525 1444 Eusebium
538 1406 572 1442 ex
586 1383 737 1461 Africana
752 1388 930 1463 sumpsisse:
953 1386 1035 1444 Num
1048 1383 1086 1443 de
1098 1391 1189 1444 annu
1201 1388 1364 1446 Menesthei

270 1471 361 1528 aliter
373 1472 462 1528 sentit
476 1474 510 1527 irs
526 1469 655 1528 Conone.
685 1469 761 1548 Erga
777 1467 853 1528 haec
868 1489 938 1530 vere
952 1471 1078 1546 Georgia
1093 1471 1220 1551 scripta,
1242 1472 1363 1548 Georgii

270 1554 409 1635 propria,
435 1555 561 1631 Georgia
577 1553 731 1614 detrahere
750 1563 863 1613 temere
884 1565 1011 1614 conatur
1026 1555 1173 1633 Scaliger,
1203 1565 1234 1615 et
1252 1565 1363 1616 temere

271 1638 422 1699 adiudicat
436 1639 562 1699 Eusebia
571 1659 678 1720 ,quae
695 1638 751 1699 sibi
768 1639 891 1698 adversa
905 1640 1026 1720 repellit
1036 1640 1191 1702 Eusebius
1312 1643 1314 1652 ⁴

354 1741 422 1820 Pag.
445 1743 525 1808 173
538 1739 601 1803 liei
621 1735 786 1841 σύγχροιον
802 1737 908 1820 ripaei]
943 1741 1045 1801 Placet
1074 1741 1196 1802 omuino
1222 1731 1363 1822 Scaligiri

272 1826 440 1888 emendatio
457 1845 523 1906 pag.
540 1829 701 1891 textusssl.
719 1819 885 1907 σύγχρονον
895 1821 1024 1911 ‘Opppp

355 1927 424 2005 Peg·
448 1929 518 1992 174.
547 1923 607 1992 Τόν
622 1927 655 1990 ἒν
667 1921 813 2006 Ὀλυμπία
830 1927 972 2008 πρῶτον]
996 1928 1123 1988 Eusebia
1144 1923 1175 2010 (e
1192 1927 1278 1986 cuius
1291 1926 1363 1988 scri-

271 2011 332 2093 ptis
345 2031 487 2070 numerus
500 2013 557 2071 iste
567 2007 621 2074 ot'.
634 2021 792 2090 excerptus
820 2011 856 2068 ab
870 2012 1043 2072 llerculead
1057 2017 1183 2094 primam
1195 2013 1249 2071 suh
1263 2010 1362 2090 iphito

272 2097 479 2176 Olympiadem
495 2118 587 2155 asarias
611 2097 681 2163 430.
703 2096 871 2155 nutrimenti
894 2098 1044 2156 coissentit
1064 2098 1218 2176 Georgius.
1261 2098 1362 2154 Asinos

270 2191 370 2240 tamen
397 2180 529 2260 quinque
550 2180 695 2240 librario
701 2202 769 2240 r·eai
789 2180 950 2256 excidisse,
972 2193 1006 2241 ut
1027 2203 1044 2241 a
1065 2183 1169 2242 mundi
1187 2185 1278 2247 4290,
1301 2199 1361 2256 qua

270 2266 371 2324 lsracli
393 2267 537 2344 Sampson
557 2266 651 2326 ludex
670 2266 758 2324 datus
781 2275 842 2335 est,
867 2266 904 2323 ad
920 2267 1012 2332 4796.
1029 2277 1059 2326 et
1074 2267 1280 2346 Olympiadem
1295 2262 1360 2340 pri,-

270 2369 349 2408 rnam
364 2351 496 2408 medium
509 2351 651 2428 temporis
669 2352 798 2426 spatium
813 2369 958 2424 exaequo
976 2371 1139 2427 congruere
1154 2349 1299 2407 videatur.
1363 2401 1365 2405 .

340 2471 342 2474 ’
358 2445 401 2510 Tei
415 2441 580 2528 pirinaei
600 2446 712 2527 Nerei]
736 2448 908 2506 Occurrunt
925 2446 1000 2509 haec
1016 2449 1097 2528 apud
1114 2447 1274 2506 Eusebium
1286 2447 1361 2503 Sca·

270 2533 354 2630 ligeri
375 2553 442 2613 pag.
462 2535 514 2598 31.
534 2531 678 2612 quaedam
692 2531 875 2612 quoquehie
891 2532 984 2592 relata
1000 2532 1123 2612 lingitur
1137 2530 1280 2593 Eusebius
1296 2531 1361 2589 ela-

269 2619 323 2698 φή
343 2637 423 2782 ¹l‘aagg.
431 2621 550 2769 317759
540 2696 612 2766 Ἐὰν
635 2692 694 2766 asir
710 2696 788 2769 sesai
802 2724 856 2765 sar
875 2695 1076 2781 Ἀπόστολον.]
1098 2701 1264 2800 liproprio
1280 2720 1363 2781 penu

268 2786 435 2848 Aetherem
450 2786 523 2847 haec
541 2788 760 2868 deprompsisse
773 2797 903 2848 testatur
915 2790 1048 2866 Scaliger
1062 2788 1132 2850 Not.
1147 2791 1254 2867 pagina
1269 2788 1340 2853 255.

349 2882 442 2949 'urata
456 2881 546 2967 xviii]
569 2889 617 2948 nd
634 2888 776 2948 Autharis
794 2900 933 2952 mentem.
969 2891 1058 2949 Ponit
1071 2889 1183 2968 quippe
1183 2889 1363 2968 proiectum

268 2992 307 3032 ex
328 2971 463 3050 Aegypto
485 2973 636 3030 communi
657 2973 763 3030 mundi
783 2993 861 3031 anna
877 2977 971 3038 3816.
992 2975 1180 3031 Salomonem
1204 2973 1363 3052 imperium

268 3057 427 3136 sumpsisse
447 3053 540 3122 4470.
562 3057 673 3137 templo
694 3057 879 3115 aedificando
904 3056 984 3115 circa
1008 3056 1112 3114 usundi
1134 3057 1228 3122 4476.
1250 3056 1363 3133 invigi-

168 3148 201 3200 P.
217 3142 252 3202 49
269 3139 359 3201 lasse:
382 3141 462 3201 inter
476 3143 568 3207 3816.
584 3151 614 3202 et
629 3142 723 3207 4475.
745 3141 837 3199 medii
851 3150 924 3200 sunt
939 3143 1011 3206 669.
1027 3141 1064 3200 de
1075 3160 1133 3218 quo
1151 3161 1277 3200 numero
1291 3162 1363 3200 rur-

268 3247 318 3286 sus
325 3227 424 3284 alibi:
446 3247 503 3285 nec
522 3225 599 3285 enim
615 3227 780 3285 Salomonis
800 3247 879 3284 anno
901 3235 1009 3304 quarta
1028 3226 1174 3306 templum
1188 3226 1363 3285 inchoatum

267 3312 392 3394 proprio
406 3312 473 3370 laco
491 3311 610 3371 docebit
629 3310 758 3387 iathar,
787 3320 818 3370 et
830 3310 974 3370 scriberet
993 3311 1082 3387 licet,
1104 3311 1141 3368 ab
1159 3313 1241 3369 exitu
1261 3321 1361 3371 tamen

268 3417 307 3454 ex
331 3397 467 3474 Aegypto
489 3396 528 3454 ad
550 3397 581 3462 4
603 3397 801 3456 Salomonis
792 3417 826 3456 ιιι
846 3395 951 3455 mundi
973 3396 1066 3463 4473.
1084 3395 1265 3454 incidentem
1289 3392 1360 3451 asini

269 3483 341 3546 657.
357 3480 526 3540 duntaxat
517 3492 762 3561 interponuntur.
786 3483 886 3554 Quare
902 3481 1010 3539 verius
1018 3489 1178 3560 poneretur
1189 3473 1254 3557 gaf.
1270 3496 1360 3573 quam

268 3557 525 3644 yvit'.Ver·'u1n1n
543 3585 691 3626 annorum
715 3568 844 3626 duorum
858 3566 1007 3626 deiectum
1022 3585 1059 3624 ex
1074 3563 1188 3622 omissis
1202 3559 1261 3619 loir
1272 3561 1358 3618 annis

269 3647 385 3708 duobus
408 3647 533 3728 (quad
523 3669 557 3706 ιιι
576 3671 644 3728 pag.
666 3653 736 3718 164.
760 3648 962 3730 observamus)
990 3658 1021 3709 et
1037 3655 1087 3714 22.
1106 3648 1187 3721 rice,
1215 3643 1287 3703 solis
1308 3649 1358 3711 90.

268 3733 446 3808 numeratis,
469 3733 614 3810 Georgius
627 3735 744 3798 incidit.

355 3813 440 3881 Karai
452 3813 485 3879 di
500 3811 650 3898 Εὕαὲβιον
665 3843 682 3898 χ
681 3815 713 3900 '.]
733 3820 863 3898 Scaliger
880 3838 995 3920 quasi
956 3812 1096 3874 Eusebii
1109 3811 1207 3891 stylo,
1230 3804 1293 3876 aiud
1304 3815 1359 3892 τῆς

269 3897 377 3978 ἐξόδου
390 3902 510 3977 scribit,
533 3899 630 3963 ἐπὶ
594 3926 650 3981 την
664 3909 719 3966 τοῦ
735 3909 815 3966 ναοῦ
830 3897 1016 3978 κατασκευήν
1033 3897 1082 3975 ἔτη
1094 3892 1173 3959 vah‘.
1195 3897 1270 3970 Quis
1282 3898 1359 3956 iide-

268 3987 327 4046 lior
346 3987 465 4048 Eusebii
480 3987 662 4065 scriptarum
677 3989 769 4048 iudex
785 3982 837 4046 aut
853 3987 953 4059 testis,
975 3982 1132 4062 Synccllus
1152 4003 1191 4041 an
1204 3981 1358 4060 Scaliger?

172 4073 204 4128 V.
220 4070 255 4130 45
271 4071 351 4131 llic
342 4083 422 4154 mter
435 4071 572 4134 Exodum
588 4081 618 4130 et
634 4073 740 4153 templi
756 4071 909 4131 conditum
925 4067 1082 4126 Eusebium
1104 4068 1179 4132 479.
1195 4088 1289 4126 asinos
1307 4067 1358 4125 in·

267 4159 465 4235 terpasuissa,
492 4158 544 4216 rlle
557 4160 632 4222 600
657 4175 830 4216 numerasse
851 4153 1018 4232 praedicat:
1049 4152 1117 4231 quis
1140 4153 1205 4212 eius
1230 4158 1358 4211 ruentem

266 4240 383 4302 iidelius
406 4243 544 4302 observat
563 4250 593 4299 et
614 4238 801 4318 assequitur?
835 4238 993 4336 Syncellus
1013 4236 1134 4297 Eusebii
1160 4238 1272 4315 scripta
1295 4238 1358 4296 sse·

268 4327 407 4403 quentius
421 4326 570 4400 tractans,
592 4343 631 4383 an
650 4325 801 4410 Scaliger,
821 4324 874 4402 qui
891 4323 952 4382 nisi
972 4324 1123 4404 imponat,
1146 4321 1305 4382 Eusebium
1319 4338 1356 4375 ex

269 4410 408 4490 syncelli
411 4409 471 4470 lide
476 4423 513 4477 ct
529 4409 695 4470 testimonia
708 4429 769 4469 non
782 4417 882 4490 potest
894 4410 1056 4490 reparare?
1077 4408 1161 4468 [ticet
1172 4405 1278 4468 obsim
1287 4401 1357 4484 qai·
