3109 4959
261 433 355 518 'tue
645 453 990 522 uermuurrouas

278 631 294 670 a
309 608 582 671 Nabuchodonosor
600 609 810 690 cumprime,
831 608 1034 672 adhaerebunt
1050 612 1181 674 invicem
1194 613 1226 672 in
1240 622 1365 692 septua—

1524 3186 1525 3229 l

1524 3242 1525 3297 l

1524 4072 1525 4131 l

277 696 402 775 generis
417 715 530 754 summu
549 695 649 754 cuncti
673 697 843 775 principum
862 695 955 754 annii
983 698 1257 758 Nabuchodonosor
1274 718 1366 776 regno

277 778 348 836 anni
364 780 413 844 48.
428 780 631 860 imputantur,
651 780 756 840 Evilad
771 779 931 839 Nerodach
947 784 1086 860 quinque,
1109 783 1279 862 Niriglesari
1295 793 1365 857 tres,

277 863 413 942 Astyagis
433 865 656 944 septemdecim,
679 865 749 942 Cyri
771 885 867 922 unus:
897 868 1031 926 omnium
1051 887 1165 926 summa
1182 873 1233 934 69.
1256 867 1367 926 consti-

279 950 345 1006 tuit.
373 949 456 1020 Quae
473 949 653 1008 diversitatis
666 949 772 1026 origo'l
795 946 882 1020 Quod
896 950 927 1007 in
942 949 1143 1010 Hebraeorum
1156 970 1259 1028 regum
1273 955 1366 1009 later-

193 1069 198 1082 ·
277 1033 346 1091 culo
365 1041 424 1092 tres
442 1033 571 1093 loachim
593 1054 705 1092 menses
723 1033 793 1090 anni
816 1035 938 1092 neruiue
960 1037 1160 1095 nurncrandos
1177 1036 1250 1095 velit
1270 1039 1367 1094 Geor-

276 1119 355 1194 gius:
377 1138 437 1196 quo
462 1119 512 1193 fit,
534 1128 567 1176 ut
585 1138 638 1195 per
652 1117 801 1176 Hebraeos
818 1117 969 1198 principes
992 1120 1092 1179 habita
1112 1121 1286 1178 numerandi
1305 1121 1365 1196 via,

276 1221 336 1260 unu
359 1203 453 1261 maior
476 1203 599 1281 exurgat
626 1202 777 1277 calculus,
806 1222 841 1260 ac
861 1201 931 1261 dum
946 1205 1221 1264 Nabuchodonosor
1234 1205 1292 1262 soli
1308 1224 1367 1262 ne-

179 1305 184 1315 ’
274 1286 681 1360 νοηιάεοίιη,,ΗεΙπεεοι·υῐη
704 1286 813 1364 viginti
836 1301 1050 1366 computantur
1074 1290 1160 1349 anni:
1189 1302 1279 1367 atque
1300 1289 1367 1346 ideo

274 1369 548 1443 Nabuchodonosor
560 1371 739 1451 principium
754 1371 904 1430 inmundi
919 1375 1010 1438 4884.
1024 1374 1235 1433 submoveatur
1251 1393 1367 1430 necesse

273 1464 338 1532 est,
367 1455 425 1514 uisi
445 1457 527 1534 regui
545 1457 596 1521 44.
622 1476 733 1530 atinus,
760 1456 842 1532 quod
866 1456 1043 1533 absurdum,
1070 1458 1189 1515 Author
1212 1457 1366 1515 concedat.

272 1539 334 1600 Hie
357 1549 402 1597 est
417 1539 511 1615 igitur
531 1541 606 1597 alter
626 1539 689 1617 eius
712 1538 946 1618 paralogismus,
969 1541 1018 1598 cui
1038 1541 1204 1618 reparando
1218 1541 1276 1597 alia
1292 1539 1366 1598 mihi

272 1640 336 1682 nou
357 1624 489 1702 suppetit
507 1623 598 1697 ratio,
626 1644 714 1700 quam
730 1643 789 1700 quo
808 1623 869 1679 eius
886 1623 980 1681 menti
997 1625 1143 1700 vicinior,
1165 1634 1272 1702 quartu
1295 1625 1367 1702 qui-

272 1707 339 1765 dem
354 1705 461 1765 loaeim
477 1728 555 1766 anno
573 1707 676 1766 mundi
690 1707 783 1772 4883.
803 1705 941 1766 ludaicsa
957 1709 1137 1787 captivitatis
1158 1718 1251 1788 ponat
1274 1729 1366 1767 exor-

274 1790 342 1862 dia,
363 1800 394 1849 at
412 1811 470 1868 quo
485 1792 619 1851 siendum
634 1810 771 1871 suprema
784 1791 861 1868 regis
874 1803 1021 1870 potestate
1038 1794 1229 1852 sublimatum
1253 1801 1367 1852 asserat

274 1873 564 1954 Nabuchodonosor,
583 1876 635 1934 scd
651 1884 735 1956 patre
754 1875 851 1934 adhuc
865 1876 944 1937 inter
961 1877 1044 1936 vivos
1061 1878 1217 1958 superstite
1233 1878 1366 1936 aubelus

275 1960 416 2018 militasse
438 1961 527 2040 signis
553 1963 696 2036 affirmet,
725 1980 818 2038 euque
843 1971 910 2038 post
935 1983 1045 2020 annum
1074 1963 1125 2040 qui
1149 1963 1255 2020 mundi
1274 1964 1366 2028 4884.-

276 2045 418 2103 defuncto
439 2066 609 2127 supremum
630 2047 676 2104 ius
701 2043 734 2103 in
756 2044 919 2104 Chaldaeos
935 2042 961 2105 el
979 2047 1136 2125 imperium
1158 2048 1249 2104 t'uisse
1262 2067 1366 2105 eonse-

276 2139 388 2188 cutum.
430 2130 488 2189 llic
503 2131 644 2191 Aetheris
656 2129 870 2210 paralogismus
883 2140 917 2188 ut
928 2145 1037 2210 anceps
1060 2153 1096 2190 ac
1112 2133 1243 2189 incertus
1260 2132 1291 2188 in
1308 2151 1367 2189 no·

275 2225 322 2270 tae
336 2215 499 2292 superioris
511 2217 613 2274 limine
629 2216 664 2272 de
678 2213 951 2274 Nabuchodonosor
960 2216 1064 2295 primis
1072 2216 1213 2294 regnandi
1226 2216 1365 2295 auspiciis

275 2297 432 2358 scriberem
447 2299 577 2378 impulit.
613 2301 678 2373 Qua
693 2300 811 2357 tandem
826 2307 889 2356 arte
903 2319 999 2360 annus
1013 2301 1044 2358 in
1061 2301 1276 2359 Chaldaeorum
1288 2301 1366 2357 tem-

273 2381 396 2462 poribus
416 2383 613 2462 supplendus,
642 2384 733 2442 affixo
751 2383 789 2440 ud
805 2383 915 2443 loaclm
935 2395 1075 2464 quartum
1090 2385 1189 2466 primu
1207 2382 1365 2442 Nabucho-

274 2467 405 2524 donosor
423 2487 516 2546 anno,
547 2469 990 2532 demonstrantemendatiores
1014 2471 1054 2530 ad
1076 2467 1220 2530 Autboris
1243 2478 1364 2546 captum

274 2551 401 2610 tabulae.

355 2633 388 2697 ‘0
408 2635 610 2718 Μεγασθένης
630 2637 664 2700 ἐν
683 2643 724 2724 τῇ
744 2631 780 2701 δ’.
797 2639 881 2720 rade]
910 2639 1024 2698 Lucum
1036 2632 1231 2714 Megasthenis
1245 2633 1364 2712 profert

272 2719 416 2779 Eusebius
440 2723 476 2780 dc
502 2722 670 2802 Praeparat.
692 2725 803 2802 Ιίνιιις.
824 2724 876 2788 lib.
897 2729 927 2791 9.
949 2743 1014 2802 cap.
1036 2722 1087 2787 41.
1107 2720 1199 2780 relert
1223 2717 1364 2796 Scaliger,

273 2812 303 2862 et
313 2823 381 2883 pag.
394 2814 494 2865 textus
508 2807 559 2872 41.
573 2827 608 2865 eo
621 2809 750 2868 refercit.

355 2889 422 2965 Peg·
437 2895 509 2954 222.
531 2885 692 2970 Recessit]
707 2891 810 2949 Scribe
823 2889 1019 2966 δεκαοκταετῆ
1026 2907 1036 2942 .·
1056 2885 1098 2948 ita
1109 2885 1251 2945 exhibent
1264 2894 1364 2946 textus

272 2970 420 3032 llebraeus
428 3017 438 3049 ,
460 2981 490 3030 et
503 2973 652 3032 versiones
667 2975 813 3049 singulae:
836 2983 905 3053 post
918 2972 1013 3031 lineas
1026 2992 1096 3031 vero
1111 2981 1171 3032 tres
1182 2972 1289 3046 παῖδες
1309 2968 1364 3034 usl-

271 3059 329 3118 veti
341 3066 557 3116 memorantur:
580 3059 605 3116 si
619 3059 696 3118 lilios
710 3078 814 3135 neges,
838 3077 940 3118 servos
955 3056 1160 3135 interpretare.

350 3133 408 3202 ‘sev
426 3139 458 3203 dl
479 3140 502 3222 ἡ
523 3136 599 3224 deza}
621 3137 789 3226 desipuere]
811 3143 969 3218 Quadrant
983 3142 1016 3200 in
1032 3141 1115 3201 hunc
1130 3143 1231 3202 locum
1252 3140 1363 3221 scripta

264 3224 354 3283 ¹uotis
370 3227 409 3284 ad
423 3246 490 3306 pag.
509 3233 581 3292 217.

179 3315 258 3373 ltus
354 3311 422 3386 Peg.
444 3313 516 3377 223.
542 3315 603 3374 Τοῦ
619 3304 717 3374 Ἰούδα
734 3307 769 3375 κ’.
788 3309 998 3392 ἐβασίλευσεν]
1026 3309 1193 3369 Obstrictae
1211 3328 1280 3384 erge
1300 3308 1362 3368 NS.

272 3393 425 3466 religionis
443 3402 472 3451 et
486 3395 554 3454 fidei
569 3416 637 3455 reus
657 3397 769 3476 scripta
790 3397 875 3478 prius
887 3397 919 3454 in
932 3395 1084 3476 prooemio
1101 3403 1218 3472 repeto,
1240 3403 1270 3450 ot
1289 3410 1362 3449 rur-

175 3477 176 3482 ’
273 3495 339 3533 sum
355 3478 502 3536 scribendi
518 3499 629 3557 poenas
643 3484 775 3542 exsolvo.
812 3483 988 3540 &insinuem
1002 3477 1160 3539 verborum
1173 3476 1290 3534 iteratio
1305 3493 1360 3531 ex-

271 3560 416 3640 scriptum
439 3562 538 3637 petius
559 3565 743 3641 aLibrario,
767 3585 856 3644 quam
870 3566 981 3622 editum
1000 3562 1036 3620 ab
1054 3560 1188 3619 Authore
1205 3579 1280 3637 opus
1299 3578 1360 3616 ins.

271 3643 399 3704 arilestat.
428 3643 483 3702 Vel
497 3644 614 3705 Aether
629 3647 778 3727 seipsum,
800 3650 849 3709 vel
861 3648 940 3707 idem
953 3647 1059 3705 iterato
1074 3641 1228 3702 Librarius
1244 3641 1364 3702 exseri«

271 3727 333 3790 bite
354 3727 435 3808 quod
448 3727 589 3788 nirnirusn
601 3739 684 3788 extat
696 3752 761 3810 pag.
777 3737 848 3796 219.

354 3814 424 3892 Peg.
446 3813 516 3881 225.
536 3806 610 3876 Ἀπό
624 3819 682 3875 τοῦ
704 3810 753 3877 ια’.
773 3814 858 3887 ἔτους
877 3812 1036 3887 astutos,
1057 3803 1172 3890 κόσμου
1197 3808 1231 3874 dl
1251 3805 1360 3896 ,daepfll

271 3898 319 3958 An
327 3918 388 3958 non
396 3898 532 3958 Sedeciae
546 3899 674 3977 primum
687 3898 717 3956 iu
727 3898 830 3956 muudi
841 3900 933 3964 4896.
947 3896 1074 3955 coniecit
1085 3895 1202 3957 Aether
1213 3917 1280 3976 pag.
1288 3900 1359 3964 923.

271 3984 389 4060 utquid
403 3983 591 4044 undecimum
605 3983 634 4042 in
645 3983 751 4043 usundi
765 3987 858 4048 4906.
872 4003 933 4040 uon
949 3981 1108 4039 amandat‘l
1134 4002 1190 4062 pro
1204 3983 1293 4043 variis
1307 4003 1360 4040 co-

271 4065 388 4128 dicibus
411 4069 510 4130 varios
529 4067 665 4148 sequitur·
688 4086 843 4139 numerus,
865 4077 894 4125 et
916 4065 997 4146 quod
1020 4065 1100 4125 notis
1116 4067 1155 4125 ad
1177 4068 1359 4146 superiorem

271 4171 337 4228 pag.
359 4157 431 4220 217.
452 4155 639 4214 observatum
654 4151 835 4212 emendatior
849 4151 916 4209 alibi
934 4153 1075 4230 loquutus
1096 4169 1207 4211 asinum
1223 4151 1359 4211 Sedeciac

272 4237 462 4296 undecimum
485 4239 664 4320 completum
683 4238 714 4296 in
733 4237 837 4296 usundi
856 4239 948 4304 4903.
970 4236 1123 4295 ineuntem
1142 4246 1281 4311 revocat,
1300 4233 1357 4293 hoc

271 4332 369 4398 pacto.
415 4323 523 4383 loacim
548 4343 669 4402 reguum
690 4322 861 4402 suspicatur
874 4342 951 4380 anno
966 4322 1060 4388 4881.
1079 4331 1108 4380 et
1126 4321 1212 4380 aunis
1234 4324 1282 4386 11.
1302 4335 1355 4376 re-

274 4403 364 4480 gnat:
386 4426 540 4469 successor
555 4407 725 4478 leobanius,
747 4408 812 4467 sire
828 4406 956 4467 loaehim
973 4406 1036 4466 adit
1050 4426 1129 4464 armo
1145 4407 1236 4481 4892.
1255 4401 1305 4460 sod
1326 4405 1356 4457 et
