<?xml version="1.0" encoding="UTF-8"?>
<!DOCTYPE html PUBLIC "-//W3C//DTD XHTML 1.0 Transitional//EN"
    "http://www.w3.org/TR/xhtml1/DTD/xhtml1-transitional.dtd">
<html xmlns="http://www.w3.org/1999/xhtml" xml:lang="en" lang="en">
 <head>
  <title>
</title>
<meta http-equiv="Content-Type" content="text/html;charset=utf-8" />
  <meta name='ocr-system' content='tesseract 3.04.00' />
  <meta name='ocr-capabilities' content='ocr_page ocr_carea ocr_par ocr_line ocrx_word'/>
</head>
<body>
  <div class='ocr_page' id='page_1' title='image "./corpusscriptoru33theogoog_0025.png"; bbox 0 0 3109 4959; ppageno 0'>
   <div class='ocr_carea' id='block_1_1' title="bbox 582 417 1274 489">
    <p class='ocr_par' dir='ltr' id='par_1_1' title="bbox 582 417 1274 489">
     <span class='ocr_line' id='line_1_1' title="bbox 582 417 1274 489; baseline 0.003 -4"><span class='ocrx_word' id='word_1_1' title='bbox 582 418 883 489; x_wconf 84' lang='lat' dir='ltr'><strong>DISSERTATIO.</strong></span> <span class='ocrx_word' id='word_1_2' title='bbox 1228 417 1274 487; x_wconf 88' lang='grc'><strong>17</strong></span> 
     </span>
    </p>
   </div>
   <div class='ocr_carea' id='block_1_2' title="bbox 192 573 1275 657">
    <p class='ocr_par' dir='ltr' id='par_1_2' title="bbox 192 573 1275 657">
     <span class='ocr_line' id='line_1_2' title="bbox 192 573 1275 657; baseline 0.011 -24"><span class='ocrx_word' id='word_1_3' title='bbox 192 573 279 634; x_wconf 87' lang='lat' dir='ltr'><strong>mini:</strong></span> <span class='ocrx_word' id='word_1_4' title='bbox 310 582 399 655; x_wconf 87' lang='lat' dir='ltr'><strong>atque</strong></span> <span class='ocrx_word' id='word_1_5' title='bbox 419 582 561 653; x_wconf 79' lang='lat' dir='ltr'><strong>accentu,</strong></span> <span class='ocrx_word' id='word_1_6' title='bbox 591 594 651 655; x_wconf 88' lang='lat' dir='ltr'><strong>quo</strong></span> <span class='ocrx_word' id='word_1_7' title='bbox 672 579 765 657; x_wconf 81' lang='grc' dir='ltr'><strong>Χημᾶ</strong></span> <span class='ocrx_word' id='word_1_8' title='bbox 784 575 941 650; x_wconf 74' lang='lat' dir='ltr'>scribitur,</span> <span class='ocrx_word' id='word_1_9' title='bbox 970 576 1125 655; x_wconf 85' lang='lat' dir='ltr'><strong>docemur,</strong></span> <span class='ocrx_word' id='word_1_10' title='bbox 1151 582 1275 645; x_wconf 83' lang='lat' dir='ltr'><strong>verbum</strong></span> 
     </span>
    </p>
   </div>
   <div class='ocr_carea' id='block_1_3' title="bbox 191 660 1386 738">
    <p class='ocr_par' dir='ltr' id='par_1_3' title="bbox 191 660 1386 738">
     <span class='ocr_line' id='line_1_3' title="bbox 191 660 1386 738; baseline 0.009 -19"><span class='ocrx_word' id='word_1_11' title='bbox 191 678 252 719; x_wconf 89' lang='lat' dir='ltr'><strong>non</strong></span> <span class='ocrx_word' id='word_1_12' title='bbox 275 677 338 719; x_wconf 88' lang='lat' dir='ltr'><strong>esse</strong></span> <span class='ocrx_word' id='word_1_13' title='bbox 358 660 487 719; x_wconf 76' lang='lat' dir='ltr'><strong>Graecae</strong></span> <span class='ocrx_word' id='word_1_14' title='bbox 514 660 646 738; x_wconf 86' lang='lat' dir='ltr'><strong>originis.</strong></span> <span class='ocrx_word' id='word_1_15' title='bbox 697 662 898 722; x_wconf 79' lang='lat' dir='ltr'><strong>lterivandum</strong></span> <span class='ocrx_word' id='word_1_16' title='bbox 922 671 968 722; x_wconf 89' lang='lat' dir='ltr'><strong>est</strong></span> <span class='ocrx_word' id='word_1_17' title='bbox 996 663 1126 723; x_wconf 85' lang='lat' dir='ltr'><strong>averbo</strong></span> <span class='ocrx_word' id='word_1_18' title='bbox 1147 665 1275 729; x_wconf 77' lang='lat' dir='ltr'><strong>Arabico</strong></span> <span class='ocrx_word' id='word_1_19' title='bbox 1383 685 1386 690; x_wconf 75' lang='grc'>’</span> 
     </span>
    </p>
   </div>
   <div class='ocr_carea' id='block_1_4' title="bbox 114 741 1291 4437">
    <p class='ocr_par' dir='ltr' id='par_1_4' title="bbox 114 741 1291 2673">
     <span class='ocr_line' id='line_1_4' title="bbox 190 741 1275 827; baseline 0.01 -27"><span class='ocrx_word' id='word_1_20' title='bbox 190 741 290 821; x_wconf 88' lang='lat' dir='ltr'><strong>(liceat</strong></span> <span class='ocrx_word' id='word_1_21' title='bbox 307 751 343 802; x_wconf 92' lang='lat' dir='ltr'><strong>ut</strong></span> <span class='ocrx_word' id='word_1_22' title='bbox 364 742 516 805; x_wconf 71' lang='lat' dir='ltr'><strong>Hebraicis</strong></span> <span class='ocrx_word' id='word_1_23' title='bbox 540 744 648 804; x_wconf 89' lang='lat' dir='ltr'><strong>litteris</strong></span> <span class='ocrx_word' id='word_1_24' title='bbox 668 743 748 825; x_wconf 82' lang='lat' dir='ltr'><strong>uter)</strong></span> <span class='ocrx_word' id='word_1_25' title='bbox 770 760 843 822; x_wconf 69' lang='lat' dir='ltr'><strong>ma,</strong></span> <span class='ocrx_word' id='word_1_26' title='bbox 871 745 963 823; x_wconf 83' lang='lat' dir='ltr'><strong>texit,</strong></span> <span class='ocrx_word' id='word_1_27' title='bbox 991 748 1113 825; x_wconf 78' lang='lat' dir='ltr'><strong>celavit,</strong></span> <span class='ocrx_word' id='word_1_28' title='bbox 1143 750 1224 827; x_wconf 88' lang='lat' dir='ltr'><strong>quod</strong></span> <span class='ocrx_word' id='word_1_29' title='bbox 1240 751 1275 811; x_wconf 89' lang='lat' dir='ltr'><strong>in</strong></span> 
     </span>
     <span class='ocr_line' id='line_1_5' title="bbox 189 826 1275 906; baseline 0.007 -19"><span class='ocrx_word' id='word_1_30' title='bbox 189 826 311 887; x_wconf 88' lang='lat' dir='ltr'><strong>caeteris</strong></span> <span class='ocrx_word' id='word_1_31' title='bbox 332 826 465 889; x_wconf 70' lang='lat' dir='ltr'><strong>dialectis</strong></span> <span class='ocrx_word' id='word_1_32' title='bbox 487 828 679 889; x_wconf 76' lang='lat' dir='ltr'>orientalibus</span> <span class='ocrx_word' id='word_1_33' title='bbox 705 828 911 906; x_wconf 83' lang='lat' dir='ltr'><strong>desideratur,</strong></span> <span class='ocrx_word' id='word_1_34' title='bbox 943 830 1025 893; x_wconf 90' lang='lat' dir='ltr'><strong>unde</strong></span> <span class='ocrx_word' id='word_1_35' title='bbox 1055 832 1275 903; x_wconf 84' lang='lat' dir='ltr'><strong>substantivum</strong></span> 
     </span>
     <span class='ocr_line' id='line_1_6' title="bbox 188 914 1276 993; baseline 0.009 -23"><span class='ocrx_word' id='word_1_36' title='bbox 188 926 297 990; x_wconf 57' lang='lat' dir='ltr'><strong>nanta,</strong></span> <span class='ocrx_word' id='word_1_37' title='bbox 318 932 367 972; x_wconf 86' lang='lat' dir='ltr'><strong>ars</strong></span> <span class='ocrx_word' id='word_1_38' title='bbox 379 932 495 972; x_wconf 76' lang='lat' dir='ltr'><strong>amans.</strong></span> <span class='ocrx_word' id='word_1_39' title='bbox 537 914 637 988; x_wconf 88' lang='lat' dir='ltr'><strong>Quum</strong></span> <span class='ocrx_word' id='word_1_40' title='bbox 648 934 719 974; x_wconf 84' lang='lat' dir='ltr'><strong>vero</strong></span> <span class='ocrx_word' id='word_1_41' title='bbox 734 915 857 992; x_wconf 86' lang='lat' dir='ltr'><strong>Graeci,</strong></span> <span class='ocrx_word' id='word_1_42' title='bbox 878 915 1008 974; x_wconf 88' lang='lat' dir='ltr'><strong>maxime</strong></span> <span class='ocrx_word' id='word_1_43' title='bbox 1021 915 1195 993; x_wconf 74' lang='lat' dir='ltr'><strong>orientales,</strong></span> <span class='ocrx_word' id='word_1_44' title='bbox 1215 918 1276 980; x_wconf 82' lang='lat' dir='ltr'><strong>ism</strong></span> 
     </span>
     <span class='ocr_line' id='line_1_7' title="bbox 186 993 1275 1079; baseline 0.008 -26"><span class='ocrx_word' id='word_1_45' title='bbox 186 993 257 1055; x_wconf 89' lang='lat' dir='ltr'><strong>inde</strong></span> <span class='ocrx_word' id='word_1_46' title='bbox 269 1016 287 1053; x_wconf 91' lang='lat' dir='ltr'><strong>s</strong></span> <span class='ocrx_word' id='word_1_47' title='bbox 299 997 418 1057; x_wconf 89' lang='lat' dir='ltr'><strong>saeculo</strong></span> <span class='ocrx_word' id='word_1_48' title='bbox 431 998 536 1077; x_wconf 90' lang='lat' dir='ltr'><strong>quinto</strong></span> <span class='ocrx_word' id='word_1_49' title='bbox 546 998 596 1058; x_wconf 80' lang='lat' dir='ltr'><strong>vel</strong></span> <span class='ocrx_word' id='word_1_50' title='bbox 610 1008 696 1059; x_wconf 84' lang='lat' dir='ltr'><strong>sexto</strong></span> <span class='ocrx_word' id='word_1_51' title='bbox 711 1022 741 1079; x_wconf 81' lang='grc' dir='ltr'><strong>η,</strong></span> <span class='ocrx_word' id='word_1_52' title='bbox 756 1021 784 1061; x_wconf 82' lang='grc' dir='ltr'><strong>ει</strong></span> <span class='ocrx_word' id='word_1_53' title='bbox 799 998 927 1078; x_wconf 88' lang='lat' dir='ltr'><strong>aliasque</strong></span> <span class='ocrx_word' id='word_1_54' title='bbox 940 998 1055 1059; x_wconf 81' lang='lat' dir='ltr'><strong>litteras</strong></span> <span class='ocrx_word' id='word_1_55' title='bbox 1070 1000 1188 1060; x_wconf 80' lang='lat' dir='ltr'><strong>vocales</strong></span> <span class='ocrx_word' id='word_1_56' title='bbox 1200 1011 1275 1063; x_wconf 91' lang='lat' dir='ltr'><strong>tono</strong></span> 
     </span>
     <span class='ocr_line' id='line_1_8' title="bbox 186 1079 1276 1163; baseline 0.002 -24"><span class='ocrx_word' id='word_1_57' title='bbox 186 1083 243 1143; x_wconf 79' lang='grc' dir='ltr'><strong>τοῦ</strong></span> <span class='ocrx_word' id='word_1_58' title='bbox 261 1079 323 1138; x_wconf 89' lang='lat' dir='ltr'><strong>lota</strong></span> <span class='ocrx_word' id='word_1_59' title='bbox 343 1080 586 1161; x_wconf 87' lang='lat' dir='ltr'><strong>pronuntiarent;</strong></span> <span class='ocrx_word' id='word_1_60' title='bbox 609 1102 733 1160; x_wconf 90' lang='lat' dir='ltr'><strong>nomen,</strong></span> <span class='ocrx_word' id='word_1_61' title='bbox 754 1083 837 1163; x_wconf 89' lang='lat' dir='ltr'><strong>quod</strong></span> <span class='ocrx_word' id='word_1_62' title='bbox 858 1083 895 1140; x_wconf 89' lang='lat' dir='ltr'><strong>ab</strong></span> <span class='ocrx_word' id='word_1_63' title='bbox 910 1083 1062 1162; x_wconf 74' lang='lat' dir='ltr'><strong>Aegyptiis</strong></span> <span class='ocrx_word' id='word_1_64' title='bbox 1081 1084 1203 1142; x_wconf 82' lang='lat' dir='ltr'><strong>Chimia</strong></span> <span class='ocrx_word' id='word_1_65' title='bbox 1224 1106 1276 1146; x_wconf 84' lang='lat' dir='ltr'><strong>au.</strong></span> 
     </span>
     <span class='ocr_line' id='line_1_9' title="bbox 187 1162 1274 1247; baseline 0.008 -26"><span class='ocrx_word' id='word_1_66' title='bbox 187 1162 339 1240; x_wconf 79' lang='lat' dir='ltr'><strong>diverunt,</strong></span> <span class='ocrx_word' id='word_1_67' title='bbox 370 1167 487 1247; x_wconf 81' lang='grc' dir='ltr'><strong><em>Χημεία</em></strong></span> <span class='ocrx_word' id='word_1_68' title='bbox 511 1166 712 1245; x_wconf 84' lang='lat' dir='ltr'><strong>scripserunt,</strong></span> <span class='ocrx_word' id='word_1_69' title='bbox 743 1186 830 1246; x_wconf 87' lang='lat' dir='ltr'><strong>quens</strong></span> <span class='ocrx_word' id='word_1_70' title='bbox 851 1167 1000 1226; x_wconf 88' lang='lat' dir='ltr'><strong>scribendi</strong></span> <span class='ocrx_word' id='word_1_71' title='bbox 1024 1168 1146 1227; x_wconf 83' lang='lat' dir='ltr'><strong>modurn</strong></span> <span class='ocrx_word' id='word_1_72' title='bbox 1172 1189 1274 1230; x_wconf 82' lang='lat' dir='ltr'><strong>omnes</strong></span> 
     </span>
     <span class='ocr_line' id='line_1_10' title="bbox 188 1248 1272 1333; baseline 0.005 -26"><span class='ocrx_word' id='word_1_73' title='bbox 188 1248 293 1308; x_wconf 88' lang='lat' dir='ltr'><strong>Gracci</strong></span> <span class='ocrx_word' id='word_1_74' title='bbox 304 1248 420 1327; x_wconf 88' lang='lat' dir='ltr'><strong>sequuti</strong></span> <span class='ocrx_word' id='word_1_75' title='bbox 436 1258 514 1313; x_wconf 84' lang='lat' dir='ltr'><strong>sunt.</strong></span> <span class='ocrx_word' id='word_1_76' title='bbox 556 1250 664 1309; x_wconf 86' lang='lat' dir='ltr'><strong>Suidas</strong></span> <span class='ocrx_word' id='word_1_77' title='bbox 682 1270 705 1310; x_wconf 88' lang='lat' dir='ltr'><strong>e.</strong></span> <span class='ocrx_word' id='word_1_78' title='bbox 720 1270 747 1327; x_wconf 88' lang='lat' dir='ltr'><strong>g.</strong></span> <span class='ocrx_word' id='word_1_79' title='bbox 761 1251 848 1330; x_wconf 91' lang='lat' dir='ltr'><strong>ponit</strong></span> <span class='ocrx_word' id='word_1_80' title='bbox 862 1253 979 1330; x_wconf 80' lang='grc' dir='ltr'><strong><em>Χημεία</em></strong></span> <span class='ocrx_word' id='word_1_81' title='bbox 995 1252 1027 1307; x_wconf 87' lang='lat' dir='ltr'><strong>in</strong></span> <span class='ocrx_word' id='word_1_82' title='bbox 1041 1270 1076 1309; x_wconf 91' lang='lat' dir='ltr'><strong>eo</strong></span> <span class='ocrx_word' id='word_1_83' title='bbox 1089 1251 1156 1310; x_wconf 91' lang='lat' dir='ltr'><strong>loco</strong></span> <span class='ocrx_word' id='word_1_84' title='bbox 1176 1253 1231 1312; x_wconf 84' lang='lat' dir='ltr'><strong>sub</strong></span> <span class='ocrx_word' id='word_1_85' title='bbox 1245 1277 1272 1333; x_wconf 82' lang='grc' dir='ltr'><strong>χ,</strong></span> 
     </span>
     <span class='ocr_line' id='line_1_11' title="bbox 187 1333 1273 1417; baseline 0.006 -26"><span class='ocrx_word' id='word_1_86' title='bbox 187 1353 274 1411; x_wconf 89' lang='lat' dir='ltr'><strong>quem</strong></span> <span class='ocrx_word' id='word_1_87' title='bbox 293 1333 440 1415; x_wconf 68' lang='lat' dir='ltr'><strong>vocalisrp</strong></span> <span class='ocrx_word' id='word_1_88' title='bbox 462 1335 612 1414; x_wconf 87' lang='lat' dir='ltr'><strong>postulat,</strong></span> <span class='ocrx_word' id='word_1_89' title='bbox 640 1355 676 1393; x_wconf 90' lang='lat' dir='ltr'><strong>sc</strong></span> <span class='ocrx_word' id='word_1_90' title='bbox 694 1342 813 1393; x_wconf 86' lang='lat' dir='ltr'><strong>tantum</strong></span> <span class='ocrx_word' id='word_1_91' title='bbox 837 1333 928 1392; x_wconf 83' lang='lat' dir='ltr'><strong>libros</strong></span> <span class='ocrx_word' id='word_1_92' title='bbox 948 1333 1107 1411; x_wconf 76' lang='lat' dir='ltr'><strong>Aegyptios</strong></span> <span class='ocrx_word' id='word_1_93' title='bbox 1130 1333 1273 1417; x_wconf 73' lang='grc' dir='ltr'><strong>περὶτῆς</strong></span> 
     </span>
     <span class='ocr_line' id='line_1_12' title="bbox 185 1416 1271 1499; baseline 0.001 -20"><span class='ocrx_word' id='word_1_94' title='bbox 185 1418 308 1497; x_wconf 64' lang='lat' dir='ltr'><strong>xperior</strong></span> <span class='ocrx_word' id='word_1_95' title='bbox 326 1418 438 1477; x_wconf 89' lang='lat' dir='ltr'><strong>laudat.</strong></span> <span class='ocrx_word' id='word_1_96' title='bbox 459 1452 499 1464; x_wconf 83' lang='lat'><strong>—-</strong></span> <span class='ocrx_word' id='word_1_97' title='bbox 522 1417 624 1491; x_wconf 87' lang='lat' dir='ltr'><strong>Quum</strong></span> <span class='ocrx_word' id='word_1_98' title='bbox 646 1437 718 1478; x_wconf 87' lang='lat' dir='ltr'><strong>vero</strong></span> <span class='ocrx_word' id='word_1_99' title='bbox 742 1416 860 1497; x_wconf 74' lang='lat' dir='ltr'><strong>prsio</strong></span> <span class='ocrx_word' id='word_1_100' title='bbox 883 1417 996 1499; x_wconf 66' lang='lat' dir='ltr'><strong>Chimia</strong></span> <span class='ocrx_word' id='word_1_101' title='bbox 1016 1419 1271 1499; x_wconf 82' lang='lat' dir='ltr'><strong>pronuntiaretur,</strong></span> 
     </span>
     <span class='ocr_line' id='line_1_13' title="bbox 186 1501 1272 1582; baseline 0.004 -23"><span class='ocrx_word' id='word_1_102' title='bbox 186 1510 216 1559; x_wconf 88' lang='lat' dir='ltr'><strong>ct</strong></span> <span class='ocrx_word' id='word_1_103' title='bbox 226 1522 273 1560; x_wconf 84' lang='lat' dir='ltr'><strong>ars</strong></span> <span class='ocrx_word' id='word_1_104' title='bbox 288 1501 341 1560; x_wconf 85' lang='lat' dir='ltr'><strong>illa</strong></span> <span class='ocrx_word' id='word_1_105' title='bbox 354 1523 462 1561; x_wconf 88' lang='lat' dir='ltr'><strong>arcana</strong></span> <span class='ocrx_word' id='word_1_106' title='bbox 475 1503 602 1562; x_wconf 88' lang='lat' dir='ltr'><strong>maxime</strong></span> <span class='ocrx_word' id='word_1_107' title='bbox 614 1523 661 1561; x_wconf 87' lang='lat' dir='ltr'><strong>ars</strong></span> <span class='ocrx_word' id='word_1_108' title='bbox 675 1501 882 1582; x_wconf 82' lang='lat' dir='ltr'><strong>liquefaciendi</strong></span> <span class='ocrx_word' id='word_1_109' title='bbox 896 1504 975 1561; x_wconf 73' lang='lat' dir='ltr'><strong>heta</strong></span> <span class='ocrx_word' id='word_1_110' title='bbox 987 1512 1079 1577; x_wconf 86' lang='lat' dir='ltr'><strong>esset,</strong></span> <span class='ocrx_word' id='word_1_111' title='bbox 1099 1523 1201 1563; x_wconf 80' lang='lat' dir='ltr'><strong>veram</strong></span> <span class='ocrx_word' id='word_1_112' title='bbox 1214 1525 1272 1563; x_wconf 93' lang='lat' dir='ltr'><strong>no·</strong></span> 
     </span>
     <span class='ocr_line' id='line_1_14' title="bbox 185 1584 1273 1665; baseline 0.005 -22"><span class='ocrx_word' id='word_1_113' title='bbox 185 1584 274 1644; x_wconf 87' lang='lat' dir='ltr'><strong>minis</strong></span> <span class='ocrx_word' id='word_1_114' title='bbox 296 1584 509 1645; x_wconf 70' lang='lat' dir='ltr'><strong>derivationem</strong></span> <span class='ocrx_word' id='word_1_115' title='bbox 529 1586 717 1665; x_wconf 90' lang='lat' dir='ltr'><strong>ignorantes,</strong></span> <span class='ocrx_word' id='word_1_116' title='bbox 747 1587 865 1644; x_wconf 88' lang='lat' dir='ltr'><strong>saeculo</strong></span> <span class='ocrx_word' id='word_1_117' title='bbox 889 1584 1074 1663; x_wconf 87' lang='lat' dir='ltr'><strong>duodecimo,</strong></span> <span class='ocrx_word' id='word_1_118' title='bbox 1094 1598 1130 1645; x_wconf 89' lang='lat' dir='ltr'><strong>ut</strong></span> <span class='ocrx_word' id='word_1_119' title='bbox 1145 1589 1273 1665; x_wconf 84' lang='lat' dir='ltr'><strong>videtur,</strong></span> 
     </span>
     <span class='ocr_line' id='line_1_15' title="bbox 184 1667 1274 1750; baseline 0.006 -24"><span class='ocrx_word' id='word_1_120' title='bbox 184 1669 360 1750; x_wconf 87' lang='lat' dir='ltr'><strong>inceperunt</strong></span> <span class='ocrx_word' id='word_1_121' title='bbox 376 1667 535 1748; x_wconf 81' lang='lat' dir='ltr'><strong>Chymiam</strong></span> <span class='ocrx_word' id='word_1_122' title='bbox 549 1670 694 1746; x_wconf 81' lang='lat' dir='ltr'><strong>scribere,</strong></span> <span class='ocrx_word' id='word_1_123' title='bbox 716 1678 856 1747; x_wconf 87' lang='lat' dir='ltr'><strong>tanquam</strong></span> <span class='ocrx_word' id='word_1_124' title='bbox 872 1691 889 1727; x_wconf 85' lang='lat' dir='ltr'><strong>a</strong></span> <span class='ocrx_word' id='word_1_125' title='bbox 904 1670 1026 1749; x_wconf 72' lang='grc' dir='ltr'><strong>κέχυμαι</strong></span> <span class='ocrx_word' id='word_1_126' title='bbox 1040 1667 1204 1730; x_wconf 76' lang='lat' dir='ltr'><strong>deriuatum</strong></span> <span class='ocrx_word' id='word_1_127' title='bbox 1225 1692 1274 1732; x_wconf 85' lang='lat' dir='ltr'><strong>es-</strong></span> 
     </span>
     <span class='ocr_line' id='line_1_16' title="bbox 185 1752 1274 1835; baseline 0.004 -23"><span class='ocrx_word' id='word_1_128' title='bbox 185 1763 243 1828; x_wconf 87' lang='lat' dir='ltr'><strong>set;</strong></span> <span class='ocrx_word' id='word_1_129' title='bbox 266 1763 296 1812; x_wconf 89' lang='lat' dir='ltr'><strong>et</strong></span> <span class='ocrx_word' id='word_1_130' title='bbox 311 1752 389 1813; x_wconf 82' lang='lat' dir='ltr'><strong>horse</strong></span> <span class='ocrx_word' id='word_1_131' title='bbox 409 1756 559 1815; x_wconf 87' lang='lat' dir='ltr'><strong>rationem</strong></span> <span class='ocrx_word' id='word_1_132' title='bbox 573 1754 789 1835; x_wconf 84' lang='lat' dir='ltr'><strong>pronuntiandi</strong></span> <span class='ocrx_word' id='word_1_133' title='bbox 808 1762 839 1813; x_wconf 87' lang='lat' dir='ltr'><strong>et</strong></span> <span class='ocrx_word' id='word_1_134' title='bbox 858 1754 1128 1813; x_wconf 81' lang='lat' dir='ltr'><strong>scribendi&#39;omnes</strong></span> <span class='ocrx_word' id='word_1_135' title='bbox 1147 1756 1208 1815; x_wconf 80' lang='lat' dir='ltr'><strong>ses-e</strong></span> <span class='ocrx_word' id='word_1_136' title='bbox 1221 1777 1274 1817; x_wconf 87' lang='lat' dir='ltr'><strong>re·</strong></span> 
     </span>
     <span class='ocr_line' id='line_1_17' title="bbox 185 1836 1273 1918; baseline 0.005 -23"><span class='ocrx_word' id='word_1_137' title='bbox 185 1836 331 1897; x_wconf 86' lang='lat' dir='ltr'><strong>centiores</strong></span> <span class='ocrx_word' id='word_1_138' title='bbox 352 1860 442 1918; x_wconf 89' lang='lat' dir='ltr'><strong>usque</strong></span> <span class='ocrx_word' id='word_1_139' title='bbox 460 1842 498 1899; x_wconf 91' lang='lat' dir='ltr'><strong>ad</strong></span> <span class='ocrx_word' id='word_1_140' title='bbox 514 1839 713 1899; x_wconf 87' lang='lat' dir='ltr'><strong>llocrhavium</strong></span> <span class='ocrx_word' id='word_1_141' title='bbox 729 1838 849 1918; x_wconf 91' lang='lat' dir='ltr'><strong>sequuti</strong></span> <span class='ocrx_word' id='word_1_142' title='bbox 868 1848 948 1899; x_wconf 76' lang='lat' dir='ltr'><strong>sunt</strong></span> <span class='ocrx_word' id='word_1_143' title='bbox 990 1838 1172 1897; x_wconf 83' lang='lat' dir='ltr'><strong>lloerharius</strong></span> <span class='ocrx_word' id='word_1_144' title='bbox 1189 1860 1273 1916; x_wconf 90' lang='lat' dir='ltr'><strong>vero,</strong></span> 
     </span>
     <span class='ocr_line' id='line_1_18' title="bbox 184 1921 1274 2000; baseline 0.002 -19"><span class='ocrx_word' id='word_1_145' title='bbox 184 1922 235 1981; x_wconf 87' lang='lat' dir='ltr'><strong>cui</strong></span> <span class='ocrx_word' id='word_1_146' title='bbox 255 1932 405 1982; x_wconf 86' lang='lat' dir='ltr'><strong>narratum</strong></span> <span class='ocrx_word' id='word_1_147' title='bbox 423 1933 501 2000; x_wconf 89' lang='lat' dir='ltr'><strong>erat,</strong></span> <span class='ocrx_word' id='word_1_148' title='bbox 529 1924 561 1983; x_wconf 87' lang='lat' dir='ltr'><strong>in</strong></span> <span class='ocrx_word' id='word_1_149' title='bbox 579 1921 763 1983; x_wconf 80' lang='lat' dir='ltr'><strong>Bibliotheca</strong></span> <span class='ocrx_word' id='word_1_150' title='bbox 784 1922 941 1983; x_wconf 87' lang='lat' dir='ltr'><strong>Parisiensi</strong></span> <span class='ocrx_word' id='word_1_151' title='bbox 961 1931 1078 1983; x_wconf 83' lang='lat' dir='ltr'><strong>exstare</strong></span> <span class='ocrx_word' id='word_1_152' title='bbox 1098 1923 1151 1986; x_wconf 76' lang='lat' dir='ltr'><strong>Ma.</strong></span> <span class='ocrx_word' id='word_1_153' title='bbox 1164 1925 1274 1985; x_wconf 85' lang='lat' dir='ltr'><strong>Zosimi</strong></span> 
     </span>
     <span class='ocr_line' id='line_1_19' title="bbox 114 2007 1291 2087; baseline 0.001 -20"><span class='ocrx_word' id='word_1_154' title='bbox 114 2036 119 2049; x_wconf 91' lang='lat'><strong>·</strong></span> <span class='ocrx_word' id='word_1_155' title='bbox 184 2007 392 2086; x_wconf 89' lang='lat' dir='ltr'><strong>Panopolitae,</strong></span> <span class='ocrx_word' id='word_1_156' title='bbox 422 2008 456 2067; x_wconf 93' lang='lat' dir='ltr'><strong>in</strong></span> <span class='ocrx_word' id='word_1_157' title='bbox 483 2029 541 2087; x_wconf 84' lang='lat' dir='ltr'><strong>quo</strong></span> <span class='ocrx_word' id='word_1_158' title='bbox 561 2009 659 2067; x_wconf 87' lang='lat' dir='ltr'><strong>ubivis</strong></span> <span class='ocrx_word' id='word_1_159' title='bbox 685 2008 805 2087; x_wconf 77' lang='grc' dir='ltr'><strong><em>Χημεία</em></strong></span> <span class='ocrx_word' id='word_1_160' title='bbox 824 2007 972 2086; x_wconf 86' lang='lat' dir='ltr'><strong>scriptum</strong></span> <span class='ocrx_word' id='word_1_161' title='bbox 996 2008 1052 2075; x_wconf 87' lang='lat' dir='ltr'><strong>sit,</strong></span> <span class='ocrx_word' id='word_1_162' title='bbox 1081 2018 1186 2067; x_wconf 86' lang='lat' dir='ltr'><strong>auctor</strong></span> <span class='ocrx_word' id='word_1_163' title='bbox 1208 2010 1291 2085; x_wconf 77' lang='lat' dir='ltr'><strong>satit,¹</strong></span> 
     </span>
     <span class='ocr_line' id='line_1_20' title="bbox 184 2091 1273 2171; baseline 0.002 -22"><span class='ocrx_word' id='word_1_164' title='bbox 184 2100 219 2150; x_wconf 89' lang='lat' dir='ltr'><strong>ut</strong></span> <span class='ocrx_word' id='word_1_165' title='bbox 239 2092 374 2171; x_wconf 80' lang='lat' dir='ltr'><strong>plerique</strong></span> <span class='ocrx_word' id='word_1_166' title='bbox 393 2091 592 2170; x_wconf 89' lang='lat' dir='ltr'><strong>medicorum,</strong></span> <span class='ocrx_word' id='word_1_167' title='bbox 620 2092 759 2170; x_wconf 78' lang='lat' dir='ltr'><strong>inprimis</strong></span> <span class='ocrx_word' id='word_1_168' title='bbox 773 2091 911 2150; x_wconf 83' lang='lat' dir='ltr'><strong>Bataviae</strong></span> <span class='ocrx_word' id='word_1_169' title='bbox 933 2101 961 2151; x_wconf 89' lang='lat' dir='ltr'><strong>et</strong></span> <span class='ocrx_word' id='word_1_170' title='bbox 976 2092 1168 2169; x_wconf 86' lang='lat' dir='ltr'><strong>Germaniae,</strong></span> <span class='ocrx_word' id='word_1_171' title='bbox 1190 2092 1273 2151; x_wconf 80' lang='lat' dir='ltr'><strong>Che-</strong></span> 
     </span>
     <span class='ocr_line' id='line_1_21' title="bbox 185 2175 1273 2256; baseline 0.001 -21"><span class='ocrx_word' id='word_1_172' title='bbox 185 2175 273 2235; x_wconf 88' lang='lat' dir='ltr'><strong>miam</strong></span> <span class='ocrx_word' id='word_1_173' title='bbox 292 2176 520 2256; x_wconf 84' lang='lat' dir='ltr'><strong>pronuntiarent</strong></span> <span class='ocrx_word' id='word_1_174' title='bbox 543 2187 573 2237; x_wconf 91' lang='lat' dir='ltr'><strong>et</strong></span> <span class='ocrx_word' id='word_1_175' title='bbox 594 2178 767 2237; x_wconf 85' lang='lat' dir='ltr'><strong>scriberent.</strong></span> <span class='ocrx_word' id='word_1_176' title='bbox 809 2175 858 2235; x_wconf 79' lang='lat' dir='ltr'><strong>An</strong></span> <span class='ocrx_word' id='word_1_177' title='bbox 877 2176 933 2237; x_wconf 86' lang='lat' dir='ltr'><strong>Ms.</strong></span> <span class='ocrx_word' id='word_1_178' title='bbox 954 2176 1061 2238; x_wconf 81' lang='lat' dir='ltr'><strong>Zosimi</strong></span> <span class='ocrx_word' id='word_1_179' title='bbox 1078 2186 1189 2253; x_wconf 85' lang='lat' dir='ltr'><strong>exstet,</strong></span> <span class='ocrx_word' id='word_1_180' title='bbox 1217 2198 1273 2244; x_wconf 86' lang='lat' dir='ltr'><strong>ne·</strong></span> 
     </span>
     <span class='ocr_line' id='line_1_22' title="bbox 183 2260 1273 2338; baseline 0.001 -19"><span class='ocrx_word' id='word_1_181' title='bbox 183 2260 262 2319; x_wconf 91' lang='lat' dir='ltr'><strong>scio:</strong></span> <span class='ocrx_word' id='word_1_182' title='bbox 284 2261 322 2320; x_wconf 91' lang='lat' dir='ltr'><strong>ad</strong></span> <span class='ocrx_word' id='word_1_183' title='bbox 338 2281 400 2320; x_wconf 86' lang='lat' dir='ltr'><strong>rem</strong></span> <span class='ocrx_word' id='word_1_184' title='bbox 414 2271 546 2322; x_wconf 80' lang='lat' dir='ltr'><strong>nostram</strong></span> <span class='ocrx_word' id='word_1_185' title='bbox 563 2262 633 2321; x_wconf 85' lang='lat' dir='ltr'><strong>satis</strong></span> <span class='ocrx_word' id='word_1_186' title='bbox 647 2262 728 2320; x_wconf 87' lang='lat' dir='ltr'><strong>valet</strong></span> <span class='ocrx_word' id='word_1_187' title='bbox 743 2261 828 2320; x_wconf 85' lang='lat' dir='ltr'><strong>locus</strong></span> <span class='ocrx_word' id='word_1_188' title='bbox 847 2260 974 2338; x_wconf 86' lang='lat' dir='ltr'><strong>Georgii.</strong></span> <span class='ocrx_word' id='word_1_189' title='bbox 1016 2262 1127 2320; x_wconf 80' lang='lat' dir='ltr'><strong>&#39;l&#39;smen</strong></span> <span class='ocrx_word' id='word_1_190' title='bbox 1140 2260 1273 2320; x_wconf 82' lang='lat' dir='ltr'><strong>lioerba-</strong></span> 
     </span>
     <span class='ocr_line' id='line_1_23' title="bbox 182 2343 1271 2425; baseline -0.001 -21"><span class='ocrx_word' id='word_1_191' title='bbox 182 2343 250 2404; x_wconf 79' lang='lat' dir='ltr'><strong>vius</strong></span> <span class='ocrx_word' id='word_1_192' title='bbox 272 2354 417 2424; x_wconf 91' lang='lat' dir='ltr'><strong>punctum</strong></span> <span class='ocrx_word' id='word_1_193' title='bbox 437 2367 500 2406; x_wconf 88' lang='lat' dir='ltr'><strong>non</strong></span> <span class='ocrx_word' id='word_1_194' title='bbox 522 2346 606 2406; x_wconf 87' lang='lat' dir='ltr'><strong>tulit:</strong></span> <span class='ocrx_word' id='word_1_195' title='bbox 637 2345 773 2406; x_wconf 84' lang='lat' dir='ltr'><strong>Zosimus</strong></span> <span class='ocrx_word' id='word_1_196' title='bbox 794 2344 915 2424; x_wconf 90' lang='lat' dir='ltr'><strong>quidem</strong></span> <span class='ocrx_word' id='word_1_197' title='bbox 934 2346 1042 2403; x_wconf 81' lang='lat' dir='ltr'><strong>scribit</strong></span> <span class='ocrx_word' id='word_1_198' title='bbox 1064 2347 1184 2425; x_wconf 74' lang='grc' dir='ltr'><strong><em>χημεία,</em></strong></span> <span class='ocrx_word' id='word_1_199' title='bbox 1208 2366 1271 2404; x_wconf 88' lang='lat' dir='ltr'><strong>non</strong></span> 
     </span>
     <span class='ocr_line' id='line_1_24' title="bbox 182 2428 1272 2514; baseline -0.002 -25"><span class='ocrx_word' id='word_1_200' title='bbox 182 2448 255 2489; x_wconf 86' lang='lat' dir='ltr'><strong>vero</strong></span> <span class='ocrx_word' id='word_1_201' title='bbox 273 2428 390 2489; x_wconf 86' lang='lat' dir='ltr'><strong>Chemia</strong></span> <span class='ocrx_word' id='word_1_202' title='bbox 415 2432 643 2514; x_wconf 36' lang='lat' dir='ltr'><strong>,pronuntiavit</strong></span> <span class='ocrx_word' id='word_1_203' title='bbox 684 2429 731 2489; x_wconf 78' lang='lat' dir='ltr'><strong>ld</strong></span> <span class='ocrx_word' id='word_1_204' title='bbox 755 2449 856 2490; x_wconf 86' lang='lat' dir='ltr'><strong>veram</strong></span> <span class='ocrx_word' id='word_1_205' title='bbox 878 2430 1086 2509; x_wconf 85' lang='lat' dir='ltr'><strong>etymologiam</strong></span> <span class='ocrx_word' id='word_1_206' title='bbox 1112 2430 1170 2490; x_wconf 87' lang='lat' dir='ltr'><strong>soli</strong></span> <span class='ocrx_word' id='word_1_207' title='bbox 1192 2430 1272 2488; x_wconf 88' lang='lat' dir='ltr'><strong>Galli</strong></span> 
     </span>
     <span class='ocr_line' id='line_1_25' title="bbox 182 2513 1271 2597; baseline 0.001 -25"><span class='ocrx_word' id='word_1_208' title='bbox 182 2533 291 2573; x_wconf 87' lang='lat' dir='ltr'><strong>nomen</strong></span> <span class='ocrx_word' id='word_1_209' title='bbox 314 2514 449 2575; x_wconf 85' lang='lat' dir='ltr'><strong>scribunt</strong></span> <span class='ocrx_word' id='word_1_210' title='bbox 473 2515 642 2591; x_wconf 82' lang='lat' dir='ltr'><strong>Chiminm,</strong></span> <span class='ocrx_word' id='word_1_211' title='bbox 671 2523 814 2597; x_wconf 82' lang='lat' dir='ltr'><strong>atquae,</strong></span> <span class='ocrx_word' id='word_1_212' title='bbox 844 2513 981 2575; x_wconf 75' lang='lat' dir='ltr'><strong>Articulo</strong></span> <span class='ocrx_word' id='word_1_213' title='bbox 1007 2524 1125 2574; x_wconf 86' lang='lat' dir='ltr'><strong>tantum</strong></span> <span class='ocrx_word' id='word_1_214' title='bbox 1144 2513 1271 2574; x_wconf 73' lang='lat' dir='ltr'><strong>Arabico</strong></span> 
     </span>
     <span class='ocr_line' id='line_1_26' title="bbox 181 2599 948 2673; baseline 0.004 -17"><span class='ocrx_word' id='word_1_215' title='bbox 181 2608 285 2673; x_wconf 89' lang='lat' dir='ltr'><strong>aucta,</strong></span> <span class='ocrx_word' id='word_1_216' title='bbox 308 2599 408 2658; x_wconf 91' lang='lat' dir='ltr'><strong>eadem</strong></span> <span class='ocrx_word' id='word_1_217' title='bbox 424 2620 493 2660; x_wconf 89' lang='lat' dir='ltr'><strong>cum</strong></span> <span class='ocrx_word' id='word_1_218' title='bbox 507 2600 621 2660; x_wconf 87' lang='lat' dir='ltr'><strong>Chimis</strong></span> <span class='ocrx_word' id='word_1_219' title='bbox 635 2608 696 2672; x_wconf 90' lang='lat' dir='ltr'><strong>est,</strong></span> <span class='ocrx_word' id='word_1_220' title='bbox 717 2600 763 2659; x_wconf 85' lang='lat' dir='ltr'><strong>Al</strong></span> <span class='ocrx_word' id='word_1_221' title='bbox 768 2599 948 2659; x_wconf 76' lang='lat' dir='ltr'><strong>-clrimiam</strong></span> 
     </span>
    </p>

    <p class='ocr_par' dir='ltr' id='par_1_5' title="bbox 180 2678 1273 3014">
     <span class='ocr_line' id='line_1_27' title="bbox 258 2678 1273 2766; baseline 0.003 -25"><span class='ocrx_word' id='word_1_222' title='bbox 258 2683 327 2760; x_wconf 88' lang='lat' dir='ltr'><strong>Pag.</strong></span> <span class='ocrx_word' id='word_1_223' title='bbox 357 2684 406 2749; x_wconf 78' lang='lat'><strong>14.</strong></span> <span class='ocrx_word' id='word_1_224' title='bbox 431 2686 463 2747; x_wconf 86' lang='lat' dir='ltr'><strong>C.</strong></span> <span class='ocrx_word' id='word_1_225' title='bbox 486 2680 579 2747; x_wconf 78' lang='lat' dir='ltr'><strong>Zrino</strong></span> <span class='ocrx_word' id='word_1_226' title='bbox 593 2688 682 2746; x_wconf 78' lang='grc' dir='ltr'><strong><em>τινῶν</em></strong></span> <span class='ocrx_word' id='word_1_227' title='bbox 701 2682 734 2746; x_wconf 71' lang='grc' dir='ltr'><strong>ἐκ</strong></span> <span class='ocrx_word' id='word_1_228' title='bbox 747 2688 802 2763; x_wconf 82' lang='grc' dir='ltr'><strong>τῆς</strong></span> <span class='ocrx_word' id='word_1_229' title='bbox 816 2681 948 2766; x_wconf 71' lang='grc' dir='ltr'><strong><em>ἐρυθρᾶς</em></strong></span> <span class='ocrx_word' id='word_1_230' title='bbox 961 2678 1117 2760; x_wconf 67' lang='grc' dir='ltr'><strong>θαλάσσης</strong></span> <span class='ocrx_word' id='word_1_231' title='bbox 1130 2679 1273 2744; x_wconf 71' lang='lat' dir='ltr'><strong>easts-</strong></span> 
     </span>
     <span class='ocr_line' id='line_1_28' title="bbox 180 2761 1272 2841; baseline -0.004 -12"><span class='ocrx_word' id='word_1_232' title='bbox 180 2788 264 2829; x_wconf 84' lang='grc' dir='ltr'><strong><em>των.</em></strong></span> <span class='ocrx_word' id='word_1_233' title='bbox 285 2796 329 2814; x_wconf 90' lang='lat'><strong>·-</strong></span> <span class='ocrx_word' id='word_1_234' title='bbox 350 2767 465 2827; x_wconf 83' lang='lat' dir='ltr'><strong>Gosrus</strong></span> <span class='ocrx_word' id='word_1_235' title='bbox 486 2770 607 2827; x_wconf 89' lang='lat' dir='ltr'><strong>coniicit</strong></span> <span class='ocrx_word' id='word_1_236' title='bbox 624 2761 806 2829; x_wconf 72' lang='grc' dir='ltr'><strong><em>θαλλόντων.</em></strong></span> <span class='ocrx_word' id='word_1_237' title='bbox 826 2799 861 2811; x_wconf 90' lang='grc'>-</span> <span class='ocrx_word' id='word_1_238' title='bbox 883 2767 997 2826; x_wconf 79' lang='lat' dir='ltr'><strong>Gnarus</strong></span> <span class='ocrx_word' id='word_1_239' title='bbox 1018 2787 1107 2841; x_wconf 86' lang='lat' dir='ltr'><strong>vero,</strong></span> <span class='ocrx_word' id='word_1_240' title='bbox 1128 2766 1272 2825; x_wconf 87' lang='lat' dir='ltr'><strong>similitu·</strong></span> 
     </span>
     <span class='ocr_line' id='line_1_29' title="bbox 181 2849 1271 2931; baseline -0.001 -21"><span class='ocrx_word' id='word_1_241' title='bbox 181 2850 252 2910; x_wconf 85' lang='lat' dir='ltr'><strong>dine</strong></span> <span class='ocrx_word' id='word_1_242' title='bbox 270 2849 428 2931; x_wconf 87' lang='lat' dir='ltr'><strong>deceptus,</strong></span> <span class='ocrx_word' id='word_1_243' title='bbox 450 2851 533 2931; x_wconf 88' lang='lat' dir='ltr'><strong>signa</strong></span> <span class='ocrx_word' id='word_1_244' title='bbox 548 2855 574 2915; x_wconf 85' lang='grc' dir='ltr'><strong>Θ</strong></span> <span class='ocrx_word' id='word_1_245' title='bbox 590 2859 620 2911; x_wconf 86' lang='lat' dir='ltr'><strong>ct</strong></span> <span class='ocrx_word' id='word_1_246' title='bbox 640 2854 669 2912; x_wconf 86' lang='grc' dir='ltr'><strong><em>Φ</em></strong></span> <span class='ocrx_word' id='word_1_247' title='bbox 685 2860 813 2912; x_wconf 86' lang='lat' dir='ltr'><strong>mutasse</strong></span> <span class='ocrx_word' id='word_1_248' title='bbox 832 2851 955 2916; x_wconf 83' lang='lat' dir='ltr'><strong>ridetur</strong></span> <span class='ocrx_word' id='word_1_249' title='bbox 975 2852 1009 2911; x_wconf 88' lang='lat' dir='ltr'><strong>in</strong></span> <span class='ocrx_word' id='word_1_250' title='bbox 1028 2850 1152 2930; x_wconf 87' lang='lat' dir='ltr'><strong>legendo</strong></span> <span class='ocrx_word' id='word_1_251' title='bbox 1168 2851 1271 2910; x_wconf 89' lang='lat' dir='ltr'><strong>codice</strong></span> 
     </span>
     <span class='ocr_line' id='line_1_30' title="bbox 182 2935 1055 3014; baseline 0.002 -19"><span class='ocrx_word' id='word_1_252' title='bbox 182 2935 313 3013; x_wconf 83' lang='lat' dir='ltr'><strong>Georgii.</strong></span> <span class='ocrx_word' id='word_1_253' title='bbox 354 2936 458 2995; x_wconf 88' lang='lat' dir='ltr'><strong>Scribe</strong></span> <span class='ocrx_word' id='word_1_254' title='bbox 480 2935 693 3014; x_wconf 49' lang='grc' dir='ltr'><strong><em>φανέντων.</em></strong></span> <span class='ocrx_word' id='word_1_255' title='bbox 1051 2949 1055 2955; x_wconf 82' lang='grc'><strong><em>’</em></strong></span> 
     </span>
    </p>

    <p class='ocr_par' dir='ltr' id='par_1_6' title="bbox 179 3018 1272 3264">
     <span class='ocr_line' id='line_1_31' title="bbox 265 3018 1272 3103; baseline -0.005 -22"><span class='ocrx_word' id='word_1_256' title='bbox 265 3022 516 3103; x_wconf 76' lang='grc' dir='ltr'><strong><em>Κομπολογία</em></strong></span> <span class='ocrx_word' id='word_1_257' title='bbox 539 3029 668 3096; x_wconf 86' lang='lat' dir='ltr'><strong>nonest,</strong></span> <span class='ocrx_word' id='word_1_258' title='bbox 689 3018 735 3079; x_wconf 89' lang='lat' dir='ltr'><strong>uti</strong></span> <span class='ocrx_word' id='word_1_259' title='bbox 755 3019 872 3079; x_wconf 88' lang='lat' dir='ltr'><strong>Goarus</strong></span> <span class='ocrx_word' id='word_1_260' title='bbox 887 3018 971 3095; x_wconf 81' lang='lat' dir='ltr'><strong>vult,</strong></span> <span class='ocrx_word' id='word_1_261' title='bbox 993 3026 1149 3077; x_wconf 86' lang='lat' dir='ltr'><strong>contextus</strong></span> <span class='ocrx_word' id='word_1_262' title='bbox 1165 3038 1272 3077; x_wconf 82' lang='lat' dir='ltr'><strong>narra-</strong></span> 
     </span>
     <span class='ocr_line' id='line_1_32' title="bbox 179 3100 1270 3185; baseline 0 -24"><span class='ocrx_word' id='word_1_263' title='bbox 179 3100 272 3161; x_wconf 90' lang='lat' dir='ltr'><strong>tionis</strong></span> <span class='ocrx_word' id='word_1_264' title='bbox 295 3102 423 3181; x_wconf 88' lang='lat' dir='ltr'><strong>pulchro</strong></span> <span class='ocrx_word' id='word_1_265' title='bbox 446 3104 552 3165; x_wconf 88' lang='lat' dir='ltr'><strong>ordine</strong></span> <span class='ocrx_word' id='word_1_266' title='bbox 575 3104 720 3182; x_wconf 87' lang='lat' dir='ltr'><strong>digestae,</strong></span> <span class='ocrx_word' id='word_1_267' title='bbox 740 3105 792 3164; x_wconf 88' lang='lat' dir='ltr'><strong>sed</strong></span> <span class='ocrx_word' id='word_1_268' title='bbox 813 3105 907 3164; x_wconf 90' lang='lat' dir='ltr'><strong>oratio</strong></span> <span class='ocrx_word' id='word_1_269' title='bbox 925 3104 1117 3185; x_wconf 79' lang='lat' dir='ltr'><strong>iactabundus</strong></span> <span class='ocrx_word' id='word_1_270' title='bbox 1143 3103 1270 3161; x_wconf 86' lang='lat' dir='ltr'><strong>Berosus</strong></span> 
     </span>
     <span class='ocr_line' id='line_1_33' title="bbox 179 3184 866 3264; baseline 0.006 -20"><span class='ocrx_word' id='word_1_271' title='bbox 179 3184 341 3264; x_wconf 86' lang='lat' dir='ltr'><strong>grandibus</strong></span> <span class='ocrx_word' id='word_1_272' title='bbox 352 3186 450 3245; x_wconf 87' lang='lat' dir='ltr'><strong>verbis</strong></span> <span class='ocrx_word' id='word_1_273' title='bbox 464 3186 602 3245; x_wconf 83' lang='lat' dir='ltr'><strong>historias</strong></span> <span class='ocrx_word' id='word_1_274' title='bbox 616 3208 684 3245; x_wconf 88' lang='lat' dir='ltr'><strong>suas</strong></span> <span class='ocrx_word' id='word_1_275' title='bbox 700 3190 866 3249; x_wconf 84' lang='lat' dir='ltr'><strong>exornavit.</strong></span> 
     </span>
    </p>

    <p class='ocr_par' dir='ltr' id='par_1_7' title="bbox 179 3260 1271 3519">
     <span class='ocr_line' id='line_1_34' title="bbox 255 3260 1270 3350; baseline 0.001 -22"><span class='ocrx_word' id='word_1_276' title='bbox 255 3271 323 3348; x_wconf 87' lang='lat' dir='ltr'><strong>Pag.</strong></span> <span class='ocrx_word' id='word_1_277' title='bbox 347 3271 395 3335; x_wconf 78' lang='grc'><strong>14.</strong></span> <span class='ocrx_word' id='word_1_278' title='bbox 415 3271 449 3329; x_wconf 92' lang='lat' dir='ltr'><strong>D.</strong></span> <span class='ocrx_word' id='word_1_279' title='bbox 475 3268 515 3333; x_wconf 72' lang='lat' dir='ltr'><strong>To*</strong></span> <span class='ocrx_word' id='word_1_280' title='bbox 533 3275 582 3331; x_wconf 78' lang='lat' dir='ltr'><strong>roi</strong></span> <span class='ocrx_word' id='word_1_281' title='bbox 588 3294 606 3331; x_wconf 91' lang='grc' dir='ltr'><strong><em>ν</em></strong></span> <span class='ocrx_word' id='word_1_282' title='bbox 621 3271 781 3332; x_wconf 76' lang='grc' dir='ltr'><strong><em>Χαλδαίων</em></strong></span> <span class='ocrx_word' id='word_1_283' title='bbox 802 3280 832 3328; x_wconf 86' lang='lat' dir='ltr'><strong>ct</strong></span> <span class='ocrx_word' id='word_1_284' title='bbox 845 3270 937 3350; x_wconf 90' lang='lat' dir='ltr'><strong>paulo</strong></span> <span class='ocrx_word' id='word_1_285' title='bbox 958 3277 1045 3348; x_wconf 90' lang='lat' dir='ltr'><strong>post,</strong></span> <span class='ocrx_word' id='word_1_286' title='bbox 1072 3263 1123 3330; x_wconf 79' lang='lat' dir='ltr'><strong>stoi</strong></span> <span class='ocrx_word' id='word_1_287' title='bbox 1144 3266 1178 3330; x_wconf 81' lang='grc' dir='ltr'><strong>οἱ</strong></span> <span class='ocrx_word' id='word_1_288' title='bbox 1202 3260 1270 3329; x_wconf 80' lang='grc' dir='ltr'><strong><em>κατ’</em></strong></span> 
     </span>
     <span class='ocr_line' id='line_1_35' title="bbox 180 3347 1271 3435; baseline -0.001 -19"><span class='ocrx_word' id='word_1_289' title='bbox 180 3348 263 3416; x_wconf 73' lang='grc' dir='ltr'><strong>αὐτό</strong></span> <span class='ocrx_word' id='word_1_290' title='bbox 270 3377 296 3415; x_wconf 87' lang='grc' dir='ltr'><strong>ν.</strong></span> <span class='ocrx_word' id='word_1_291' title='bbox 310 3386 352 3401; x_wconf 92' lang='grc'>-</span> <span class='ocrx_word' id='word_1_292' title='bbox 365 3356 487 3415; x_wconf 85' lang='lat' dir='ltr'><strong>Errores</strong></span> <span class='ocrx_word' id='word_1_293' title='bbox 502 3354 680 3435; x_wconf 85' lang='lat' dir='ltr'><strong>typographi</strong></span> <span class='ocrx_word' id='word_1_294' title='bbox 693 3375 754 3413; x_wconf 83' lang='lat' dir='ltr'><strong>erse</strong></span> <span class='ocrx_word' id='word_1_295' title='bbox 768 3355 909 3413; x_wconf 90' lang='lat' dir='ltr'><strong>videntur</strong></span> <span class='ocrx_word' id='word_1_296' title='bbox 925 3349 958 3415; x_wconf 85' lang='lat' dir='ltr'><strong>rb</strong></span> <span class='ocrx_word' id='word_1_297' title='bbox 969 3349 1024 3417; x_wconf 81' lang='lat' dir='ltr'><strong>cdv</strong></span> <span class='ocrx_word' id='word_1_298' title='bbox 1040 3356 1079 3414; x_wconf 88' lang='lat' dir='ltr'><strong>X.</strong></span> <span class='ocrx_word' id='word_1_299' title='bbox 1097 3361 1127 3411; x_wconf 90' lang='lat' dir='ltr'><strong>et</strong></span> <span class='ocrx_word' id='word_1_300' title='bbox 1141 3347 1228 3415; x_wconf 76' lang='lat' dir='ltr'><strong>sisoi</strong></span> <span class='ocrx_word' id='word_1_301' title='bbox 1236 3373 1271 3415; x_wconf 90' lang='grc' dir='ltr'><strong>ν.·</strong></span> 
     </span>
     <span class='ocr_line' id='line_1_36' title="bbox 179 3438 1016 3519; baseline -0.005 -20"><span class='ocrx_word' id='word_1_302' title='bbox 179 3440 301 3519; x_wconf 84' lang='lat' dir='ltr'><strong>repetiti</strong></span> <span class='ocrx_word' id='word_1_303' title='bbox 317 3458 388 3498; x_wconf 92' lang='lat' dir='ltr'><strong>vero</strong></span> <span class='ocrx_word' id='word_1_304' title='bbox 402 3449 473 3499; x_wconf 88' lang='lat' dir='ltr'><strong>sunt</strong></span> <span class='ocrx_word' id='word_1_305' title='bbox 485 3459 523 3497; x_wconf 83' lang='lat' dir='ltr'><strong>cx</strong></span> <span class='ocrx_word' id='word_1_306' title='bbox 539 3439 668 3501; x_wconf 89' lang='lat' dir='ltr'><strong>editione</strong></span> <span class='ocrx_word' id='word_1_307' title='bbox 682 3439 839 3498; x_wconf 84' lang='lat' dir='ltr'><strong>Parisiensi</strong></span> <span class='ocrx_word' id='word_1_308' title='bbox 846 3440 878 3496; x_wconf 90' lang='lat' dir='ltr'><strong>in</strong></span> <span class='ocrx_word' id='word_1_309' title='bbox 895 3438 1016 3496; x_wconf 86' lang='lat' dir='ltr'><strong>Veneta.</strong></span> 
     </span>
    </p>

    <p class='ocr_par' dir='ltr' id='par_1_8' title="bbox 178 3515 1272 4437">
     <span class='ocr_line' id='line_1_37' title="bbox 266 3515 1270 3605; baseline -0.007 -21"><span class='ocrx_word' id='word_1_310' title='bbox 266 3520 312 3586; x_wconf 86' lang='lat' dir='ltr'><strong>Tb</strong></span> <span class='ocrx_word' id='word_1_311' title='bbox 330 3521 399 3605; x_wconf 76' lang='grc' dir='ltr'><strong>γὰρ</strong></span> <span class='ocrx_word' id='word_1_312' title='bbox 416 3518 484 3603; x_wconf 71' lang='grc' dir='ltr'><strong>τήν</strong></span> <span class='ocrx_word' id='word_1_313' title='bbox 504 3517 592 3586; x_wconf 73' lang='grc' dir='ltr'><strong>καθ’</strong></span> <span class='ocrx_word' id='word_1_314' title='bbox 612 3521 714 3603; x_wconf 71' lang='grc' dir='ltr'><strong><em>ἡμᾶς</em></strong></span> <span class='ocrx_word' id='word_1_315' title='bbox 734 3515 972 3603; x_wconf 73' lang='grc' dir='ltr'><strong><em>οἰκὸυμὲνην</em></strong></span> <span class='ocrx_word' id='word_1_316' title='bbox 988 3527 1058 3581; x_wconf 84' lang='lat' dir='ltr'><strong>cett.</strong></span> <span class='ocrx_word' id='word_1_317' title='bbox 1084 3518 1270 3580; x_wconf 86' lang='lat' dir='ltr'><strong>Haeoverba</strong></span> 
     </span>
     <span class='ocr_line' id='line_1_38' title="bbox 180 3605 1270 3686; baseline -0.003 -21"><span class='ocrx_word' id='word_1_318' title='bbox 180 3607 299 3666; x_wconf 89' lang='lat' dir='ltr'><strong>Goarus</strong></span> <span class='ocrx_word' id='word_1_319' title='bbox 320 3627 442 3686; x_wconf 90' lang='lat' dir='ltr'><strong>prorsus</strong></span> <span class='ocrx_word' id='word_1_320' title='bbox 467 3627 526 3667; x_wconf 91' lang='lat' dir='ltr'><strong>non</strong></span> <span class='ocrx_word' id='word_1_321' title='bbox 545 3606 711 3683; x_wconf 83' lang='lat' dir='ltr'><strong>intellexit,</strong></span> <span class='ocrx_word' id='word_1_322' title='bbox 732 3608 865 3666; x_wconf 88' lang='lat' dir='ltr'><strong>inserens</strong></span> <span class='ocrx_word' id='word_1_323' title='bbox 888 3605 1056 3683; x_wconf 75' lang='grc' dir='ltr'><strong>ἐκείνης.</strong></span> <span class='ocrx_word' id='word_1_324' title='bbox 1100 3605 1197 3664; x_wconf 88' lang='lat' dir='ltr'><strong>Locus</strong></span> <span class='ocrx_word' id='word_1_325' title='bbox 1219 3625 1270 3663; x_wconf 87' lang='lat' dir='ltr'><strong>sa·</strong></span> 
     </span>
     <span class='ocr_line' id='line_1_39' title="bbox 179 3684 1272 3779; baseline -0.001 -30"><span class='ocrx_word' id='word_1_326' title='bbox 179 3712 237 3749; x_wconf 81' lang='lat' dir='ltr'><strong>nus</strong></span> <span class='ocrx_word' id='word_1_327' title='bbox 255 3700 315 3749; x_wconf 84' lang='lat' dir='ltr'><strong>cst:</strong></span> <span class='ocrx_word' id='word_1_328' title='bbox 336 3692 426 3751; x_wconf 87' lang='lat' dir='ltr'><strong>verba</strong></span> <span class='ocrx_word' id='word_1_329' title='bbox 445 3690 485 3754; x_wconf 77' lang='lat' dir='ltr'><strong>dv</strong></span> <span class='ocrx_word' id='word_1_330' title='bbox 506 3684 698 3779; x_wconf 73' lang='lat' dir='ltr'><strong>p‘raserenda</strong></span> <span class='ocrx_word' id='word_1_331' title='bbox 713 3700 784 3749; x_wconf 90' lang='lat' dir='ltr'><strong>sunt</strong></span> <span class='ocrx_word' id='word_1_332' title='bbox 800 3691 838 3750; x_wconf 90' lang='lat' dir='ltr'><strong>ad</strong></span> <span class='ocrx_word' id='word_1_333' title='bbox 858 3700 988 3749; x_wconf 86' lang='lat' dir='ltr'><strong>nostram</strong></span> <span class='ocrx_word' id='word_1_334' title='bbox 1007 3700 1134 3765; x_wconf 86' lang='lat' dir='ltr'><strong>terram,</strong></span> <span class='ocrx_word' id='word_1_335' title='bbox 1154 3691 1175 3749; x_wconf 91' lang='lat' dir='ltr'><strong>i.</strong></span> <span class='ocrx_word' id='word_1_336' title='bbox 1191 3709 1216 3748; x_wconf 89' lang='lat' dir='ltr'><strong>e.</strong></span> <span class='ocrx_word' id='word_1_337' title='bbox 1233 3690 1272 3748; x_wconf 87' lang='lat' dir='ltr'><strong>nd</strong></span> 
     </span>
     <span class='ocr_line' id='line_1_40' title="bbox 180 3772 1272 3854; baseline -0.003 -21"><span class='ocrx_word' id='word_1_338' title='bbox 180 3775 353 3835; x_wconf 84' lang='lat' dir='ltr'><strong>universum</strong></span> <span class='ocrx_word' id='word_1_339' title='bbox 371 3786 506 3836; x_wconf 86' lang='lat' dir='ltr'><strong>nostrum</strong></span> <span class='ocrx_word' id='word_1_340' title='bbox 528 3775 628 3836; x_wconf 85' lang='lat' dir='ltr'><strong>orbern</strong></span> <span class='ocrx_word' id='word_1_341' title='bbox 652 3786 816 3851; x_wconf 87' lang='lat' dir='ltr'><strong>terrarum,</strong></span> <span class='ocrx_word' id='word_1_342' title='bbox 847 3795 934 3854; x_wconf 87' lang='lat' dir='ltr'><strong>quom</strong></span> <span class='ocrx_word' id='word_1_343' title='bbox 954 3783 1023 3833; x_wconf 89' lang='lat' dir='ltr'><strong>ante</strong></span> <span class='ocrx_word' id='word_1_344' title='bbox 1042 3772 1190 3834; x_wconf 89' lang='lat' dir='ltr'><strong>diluvium</strong></span> <span class='ocrx_word' id='word_1_345' title='bbox 1209 3772 1272 3831; x_wconf 85' lang='lat' dir='ltr'><strong>lsa-</strong></span> 
     </span>
     <span class='ocr_line' id='line_1_41' title="bbox 179 3857 1270 3940; baseline -0.003 -22"><span class='ocrx_word' id='word_1_346' title='bbox 179 3859 308 3918; x_wconf 86' lang='lat' dir='ltr'><strong>bitatum</strong></span> <span class='ocrx_word' id='word_1_347' title='bbox 324 3862 412 3919; x_wconf 85' lang='lat' dir='ltr'><strong>luisse</strong></span> <span class='ocrx_word' id='word_1_348' title='bbox 433 3870 529 3940; x_wconf 87' lang='lat' dir='ltr'><strong>patres</strong></span> <span class='ocrx_word' id='word_1_349' title='bbox 548 3861 698 3919; x_wconf 87' lang='lat' dir='ltr'><strong>Ecclesiae</strong></span> <span class='ocrx_word' id='word_1_350' title='bbox 715 3867 870 3938; x_wconf 78' lang='lat' dir='ltr'><strong>negarunt.</strong></span> <span class='ocrx_word' id='word_1_351' title='bbox 913 3859 1025 3939; x_wconf 89' lang='lat' dir='ltr'><strong>Opinio</strong></span> <span class='ocrx_word' id='word_1_352' title='bbox 1041 3857 1120 3917; x_wconf 90' lang='lat' dir='ltr'><strong>inter</strong></span> <span class='ocrx_word' id='word_1_353' title='bbox 1135 3878 1184 3916; x_wconf 87' lang='lat' dir='ltr'><strong>cus</strong></span> <span class='ocrx_word' id='word_1_354' title='bbox 1199 3857 1270 3916; x_wconf 82' lang='lat' dir='ltr'><strong>vul-</strong></span> 
     </span>
     <span class='ocr_line' id='line_1_42' title="bbox 178 3943 1270 4025; baseline -0.003 -24"><span class='ocrx_word' id='word_1_355' title='bbox 178 3944 259 4021; x_wconf 87' lang='lat' dir='ltr'><strong>garis</strong></span> <span class='ocrx_word' id='word_1_356' title='bbox 282 3953 362 4019; x_wconf 89' lang='lat' dir='ltr'><strong>erat,</strong></span> <span class='ocrx_word' id='word_1_357' title='bbox 391 3954 500 4003; x_wconf 82' lang='lat' dir='ltr'><strong>terram</strong></span> <span class='ocrx_word' id='word_1_358' title='bbox 521 3964 581 4004; x_wconf 84' lang='lat' dir='ltr'><strong>esse</strong></span> <span class='ocrx_word' id='word_1_359' title='bbox 604 3945 740 4025; x_wconf 86' lang='lat' dir='ltr'><strong>planam,</strong></span> <span class='ocrx_word' id='word_1_360' title='bbox 764 3943 876 4003; x_wconf 90' lang='lat' dir='ltr'><strong>Oceani</strong></span> <span class='ocrx_word' id='word_1_361' title='bbox 898 3944 1013 4003; x_wconf 89' lang='lat' dir='ltr'><strong>circulo</strong></span> <span class='ocrx_word' id='word_1_362' title='bbox 1038 3943 1270 4017; x_wconf 73' lang='lat' dir='ltr'><strong>circumdatam,</strong></span> 
     </span>
     <span class='ocr_line' id='line_1_43' title="bbox 181 4026 1271 4107; baseline -0.004 -20"><span class='ocrx_word' id='word_1_363' title='bbox 181 4028 357 4103; x_wconf 87' lang='lat' dir='ltr'><strong>(secundum</strong></span> <span class='ocrx_word' id='word_1_364' title='bbox 371 4029 458 4105; x_wconf 84' lang='lat' dir='ltr'><strong>alios,</strong></span> <span class='ocrx_word' id='word_1_365' title='bbox 480 4038 516 4088; x_wconf 90' lang='lat' dir='ltr'><strong>ut</strong></span> <span class='ocrx_word' id='word_1_366' title='bbox 530 4031 657 4088; x_wconf 87' lang='lat' dir='ltr'><strong>Cosman</strong></span> <span class='ocrx_word' id='word_1_367' title='bbox 671 4029 927 4107; x_wconf 89' lang='lat' dir='ltr'><strong>Indicopleusten,</strong></span> <span class='ocrx_word' id='word_1_368' title='bbox 949 4036 1027 4088; x_wconf 85' lang='lat' dir='ltr'><strong>terra</strong></span> <span class='ocrx_word' id='word_1_369' title='bbox 1045 4036 1108 4085; x_wconf 88' lang='lat' dir='ltr'><strong>erat</strong></span> <span class='ocrx_word' id='word_1_370' title='bbox 1120 4026 1271 4104; x_wconf 86' lang='lat' dir='ltr'><strong>quadran·</strong></span> 
     </span>
     <span class='ocr_line' id='line_1_44' title="bbox 179 4109 1270 4191; baseline -0.003 -21"><span class='ocrx_word' id='word_1_371' title='bbox 179 4112 295 4188; x_wconf 87' lang='lat' dir='ltr'><strong>gulata,</strong></span> <span class='ocrx_word' id='word_1_372' title='bbox 327 4113 562 4191; x_wconf 87' lang='lat' dir='ltr'><strong>quadrangulato</strong></span> <span class='ocrx_word' id='word_1_373' title='bbox 593 4114 711 4173; x_wconf 86' lang='lat' dir='ltr'><strong>Oceano</strong></span> <span class='ocrx_word' id='word_1_374' title='bbox 741 4109 950 4190; x_wconf 81' lang='lat' dir='ltr'><strong>circumfusa).</strong></span> <span class='ocrx_word' id='word_1_375' title='bbox 1011 4112 1098 4171; x_wconf 88' lang='lat' dir='ltr'><strong>Ultra</strong></span> <span class='ocrx_word' id='word_1_376' title='bbox 1119 4112 1270 4170; x_wconf 86' lang='lat' dir='ltr'><strong>Oceanum</strong></span> 
     </span>
     <span class='ocr_line' id='line_1_45' title="bbox 180 4194 1270 4277; baseline -0.001 -25"><span class='ocrx_word' id='word_1_377' title='bbox 180 4197 271 4254; x_wconf 85' lang='lat' dir='ltr'><strong>aliam</strong></span> <span class='ocrx_word' id='word_1_378' title='bbox 288 4203 394 4255; x_wconf 82' lang='lat' dir='ltr'><strong>tetram</strong></span> <span class='ocrx_word' id='word_1_379' title='bbox 412 4218 490 4274; x_wconf 89' lang='lat' dir='ltr'><strong>esse,</strong></span> <span class='ocrx_word' id='word_1_380' title='bbox 513 4217 588 4277; x_wconf 87' lang='lat' dir='ltr'><strong>quae</strong></span> <span class='ocrx_word' id='word_1_381' title='bbox 608 4197 718 4258; x_wconf 90' lang='lat' dir='ltr'><strong>Oceani</strong></span> <span class='ocrx_word' id='word_1_382' title='bbox 736 4218 828 4276; x_wconf 85' lang='lat' dir='ltr'><strong>aquas</strong></span> <span class='ocrx_word' id='word_1_383' title='bbox 849 4196 1098 4256; x_wconf 84' lang='lat' dir='ltr'><strong>circumclaudat:</strong></span> <span class='ocrx_word' id='word_1_384' title='bbox 1126 4204 1215 4273; x_wconf 89' lang='lat' dir='ltr'><strong>atque</strong></span> <span class='ocrx_word' id='word_1_385' title='bbox 1235 4194 1270 4251; x_wconf 89' lang='lat' dir='ltr'><strong>in</strong></span> 
     </span>
     <span class='ocr_line' id='line_1_46' title="bbox 179 4276 1269 4358; baseline -0.004 -21"><span class='ocrx_word' id='word_1_386' title='bbox 179 4276 237 4338; x_wconf 85' lang='lat' dir='ltr'><strong>hac</strong></span> <span class='ocrx_word' id='word_1_387' title='bbox 255 4289 334 4339; x_wconf 80' lang='lat' dir='ltr'><strong>terra</strong></span> <span class='ocrx_word' id='word_1_388' title='bbox 348 4281 428 4340; x_wconf 87' lang='lat' dir='ltr'><strong>ultra</strong></span> <span class='ocrx_word' id='word_1_389' title='bbox 443 4284 608 4358; x_wconf 87' lang='lat' dir='ltr'><strong>Oceanum,</strong></span> <span class='ocrx_word' id='word_1_390' title='bbox 629 4282 735 4342; x_wconf 85' lang='lat' dir='ltr'><strong>altiore</strong></span> <span class='ocrx_word' id='word_1_391' title='bbox 752 4282 874 4341; x_wconf 87' lang='lat' dir='ltr'><strong>caeteris</strong></span> <span class='ocrx_word' id='word_1_392' title='bbox 889 4291 1008 4340; x_wconf 88' lang='lat' dir='ltr'><strong>nostrae</strong></span> <span class='ocrx_word' id='word_1_393' title='bbox 1026 4290 1122 4339; x_wconf 88' lang='lat' dir='ltr'><strong>terrac</strong></span> <span class='ocrx_word' id='word_1_394' title='bbox 1136 4278 1269 4356; x_wconf 89' lang='lat' dir='ltr'><strong>regioni-</strong></span> 
     </span>
     <span class='ocr_line' id='line_1_47' title="bbox 179 4361 1271 4437; baseline -0.003 -16"><span class='ocrx_word' id='word_1_395' title='bbox 179 4362 255 4437; x_wconf 89' lang='lat' dir='ltr'><strong>bus,</strong></span> <span class='ocrx_word' id='word_1_396' title='bbox 278 4361 412 4424; x_wconf 88' lang='lat' dir='ltr'><strong>homines</strong></span> <span class='ocrx_word' id='word_1_397' title='bbox 436 4375 504 4425; x_wconf 88' lang='lat' dir='ltr'><strong>ante</strong></span> <span class='ocrx_word' id='word_1_398' title='bbox 527 4367 676 4430; x_wconf 77' lang='lat' dir='ltr'><strong>diluvium</strong></span> <span class='ocrx_word' id='word_1_399' title='bbox 691 4366 857 4428; x_wconf 76' lang='lat' dir='ltr'><strong>babitasset</strong></span> <span class='ocrx_word' id='word_1_400' title='bbox 883 4365 916 4426; x_wconf 90' lang='lat' dir='ltr'><strong>in</strong></span> <span class='ocrx_word' id='word_1_401' title='bbox 939 4364 1052 4428; x_wconf 80' lang='lat' dir='ltr'><strong>diluvio</strong></span> <span class='ocrx_word' id='word_1_402' title='bbox 1072 4383 1145 4425; x_wconf 85' lang='lat' dir='ltr'><strong>vero</strong></span> <span class='ocrx_word' id='word_1_403' title='bbox 1166 4362 1202 4422; x_wconf 90' lang='lat' dir='ltr'><strong>ab</strong></span> <span class='ocrx_word' id='word_1_404' title='bbox 1218 4362 1271 4420; x_wconf 79' lang='lat' dir='ltr'><strong>illa</strong></span> 
     </span>
    </p>
   </div>
   <div class='ocr_carea' id='block_1_5' title="bbox 251 4455 1068 4533">
    <p class='ocr_par' dir='ltr' id='par_1_9' title="bbox 251 4455 1068 4533">
     <span class='ocr_line' id='line_1_48' title="bbox 251 4455 1068 4533; baseline 0.002 -18"><span class='ocrx_word' id='word_1_405' title='bbox 251 4460 350 4533; x_wconf 71' lang='lat' dir='ltr'><strong>drag.</strong></span> <span class='ocrx_word' id='word_1_406' title='bbox 366 4464 505 4533; x_wconf 67' lang='lat' dir='ltr'><strong>syncellus.</strong></span> <span class='ocrx_word' id='word_1_407' title='bbox 531 4464 566 4519; x_wconf 87' lang='lat' dir='ltr'><strong>ll.</strong></span> <span class='ocrx_word' id='word_1_408' title='bbox 1044 4455 1068 4517; x_wconf 78' lang='lat'>2</span> 
     </span>
    </p>
   </div>
   <div class='ocr_carea' id='block_1_6' title="bbox 0 0 1560 4959">
    <p class='ocr_par' dir='ltr' id='par_1_10' title="bbox 0 0 1560 4959">
     <span class='ocr_line' id='line_1_49' title="bbox 0 0 1560 4959; baseline 0 4"><span class='ocrx_word' id='word_1_409' title='bbox 0 0 1560 4959; x_wconf 95' lang='lat' dir='ltr'><strong> </strong></span> 
     </span>
    </p>
   </div>
  </div>
 </body>
</html>
