3109 4959
534 424 592 489 ET
612 419 965 491 annornrtott‘cs.
1217 413 1293 486 416

208 603 244 642 eo
264 580 321 642 tuis
338 578 475 640 monitus.
518 579 657 640 Eiusdem
669 579 875 640 nihilosecius
897 579 1090 659 expositionis
1111 588 1179 639 ante
1193 583 1294 640 octin-

207 677 313 746 gentos
329 685 421 724 annos
435 665 543 724 littoris
561 667 767 743 consignatae,
790 685 826 732 en
841 675 875 724 ut
893 665 1034 742 Georgius
1052 685 1132 724 incus
1152 665 1295 725 invento-

207 772 271 812 rem
286 769 316 808 se
330 751 460 828 profert,
481 750 607 809 fundum
623 751 781 830 producit,
803 761 832 808 et
844 749 922 808 hanc
938 749 1030 828 ipsam
1045 750 1103 809 init
1114 749 1294 811 conciliandi

208 855 278 896 cum
291 833 371 894 Mose
381 834 520 913 Stephani
530 835 684 896 rationem.
728 835 816 894 Plura
829 845 859 894 ct
873 835 1065 894 concinniora
1077 835 1141 914 ipse
1155 835 1294 894 Nicotaus

208 921 353 980 Abeamus
369 919 457 978 Phari
470 928 533 978 toto
550 919 625 978 libro
640 926 669 984 7.
683 918 820 979 breviors
836 929 866 978 et
879 919 988 980 minori
1000 920 1189 980 contentione
1203 930 1295 997 certa,
1344 953 1348 962 ›

207 1003 344 1064 Petavius
356 1003 406 1066 lib.
421 1010 453 1069 9.
472 1005 509 1062 ‹le
524 1005 610 1063 lloet.
627 1004 729 1084 Tesnp.
745 1025 808 1083 cap.
825 1009 873 1069 17.

291 1088 360 1164 Peg·
382 1089 432 1154 94.
460 1086 502 1150 Tel
525 1082 584 1152 sind
606 1093 661 1152 rosi
676 1083 732 1168 pp‘.
756 1086 861 1166 drove]
889 1088 1010 1167 llepone
1024 1082 1061 1149 rel
1075 1084 1136 1152 sind
1151 1092 1208 1151 rosi
1220 1081 1293 1168 ops'.

207 1171 307 1246 ἔτους,
328 1178 384 1234 τοῦ
401 1167 505 1253 &riddo
519 1173 668 1251 intellige:
690 1173 785 1254 ipsius
798 1175 875 1232 enim
888 1173 968 1231 vitae
980 1178 1031 1237 70.
1048 1182 1077 1232 ct
1096 1173 1133 1231 ab
1146 1174 1294 1235 Abraham
1346 1229 1348 1233 .

208 1259 256 1317 die
279 1258 369 1317 natali
394 1257 445 1317 alii
464 1261 515 1324 75.
537 1279 680 1318 summam
702 1261 771 1326 145.
793 1259 832 1318 ad
852 1257 1014 1336 marginem
1041 1258 1169 1338 positam
1204 1279 1295 1318 corn-

231 1351 334 1402 onunt.

206 1363 228 1422 P
291 1428 358 1504 Peg.
381 1430 433 1492 96.
458 1430 520 1488 Τοῦ
535 1423 567 1489 dl
582 1420 698 1506 κόσμου
712 1417 754 1506 ἦν
775 1425 841 1499 ἔτος
853 1423 959 1511 ,ypram
981 1427 1077 1487 Habet
1092 1425 1212 1506 quidem
1233 1426 1295 1486 ltlS.

207 1508 306 1596 ,penest
327 1531 430 1571 verum
446 1505 541 1594 ,7va
563 1521 629 1572 tuto
650 1511 888 1570 substituendum
912 1512 960 1571 his
986 1511 1166 1572 coniecturis
1187 1512 1295 1571 ductus
1379 1511 1387 1523 ⁰

207 1616 314 1657 assero.
352 1601 378 1662 1.
405 1595 541 1655 Clramois
561 1617 615 1660 rex
641 1597 773 1657 decimus
796 1606 1009 1674 quartusanno
1024 1597 1107 1662 3145
1133 1596 1170 1655 ad
1187 1595 1295 1654 solium

208 1691 344 1753 evectus,
366 1681 522 1740 duodecim
536 1682 621 1740 arastis
633 1680 810 1760 occupavit,
832 1681 871 1739 ad
884 1702 995 1741 asinum
1010 1683 1110 1759 itaque
1123 1684 1215 1746 3157.
1236 1701 1295 1757 qno

207 1766 351 1825 Aenesises
372 1767 470 1844 coepit
485 1786 616 1842 regirare.
659 1766 695 1824 ln
719 1766 873 1824 adversam
896 1775 1010 1844 psrtcns
1024 1767 1082 1824 MS.
1095 1765 1297 1823 testimoninm

209 1849 312 1908 scribit
326 1849 465 1926 Scaliger,
488 1861 517 1908 et
528 1850 639 1910 obiicit.
681 1849 826 1908 Amesises
840 1850 972 1909 decimus
981 1852 1103 1928 quintus
1118 1871 1195 1909 antro
1203 1854 1297 1914 3171.

207 1955 263 1993 rex
278 1932 462 2008 declaretur,
485 1954 655 2015 praecessor
673 1934 805 1992 decimus
824 1944 947 2014 quartus
967 1955 1046 1995 asino
1067 1935 1161 2002 3145.
1174 1951 1298 2008 regnum

208 2018 301 2096 igitur
323 2019 408 2076 anssis
432 2023 483 2082 26.
502 2039 563 2078 saon
587 2018 743 2077 duodecim
770 2018 843 2077 solis
870 2020 1039 2078 moderatus
1068 2029 1123 2078 est.
1172 2017 1299 2095 Utrique

206 2103 286 2181 parti
310 2101 493 2162 devictoris
513 2103 677 2162 decertanti
699 2104 781 2161 favet
807 2102 867 2160 ttts.
898 2111 1017 2178 textus,
1047 2102 1200 2161 certiorem
1227 2102 1300 2161 licet
1315 2106 1350 2163 V.
1365 2108 1411 2166 ω.

208 2187 341 2267 priorem
362 2187 537 2245 sententiam
561 2194 725 2245 attestetur.
746 2217 752 2225 ·
776 2183 892 2244 Veritas
909 2186 971 2245 eins
991 2207 1028 2244 ex
1049 2187 1134 2245 ansris
1148 2185 1299 2263 sequentis

209 2269 318 2328 decimi
335 2269 433 2346 quinti
447 2271 524 2346 regis
538 2269 667 2328 eruitur:
690 2268 774 2327 cuius
791 2269 847 2328 etsi
862 2291 923 2328 ason
939 2291 1046 2330 nornen
1061 2279 1114 2330 aut
1125 2270 1209 2347 regni
1224 2291 1297 2350 spa·

208 2355 300 2427 tium,
323 2363 374 2411 ant
397 2373 455 2432 quo
478 2353 582 2412 mntadi
596 2373 674 2410 arsno
695 2363 847 2432 sceptrum
869 2355 959 2414 suerit
974 2357 1099 2434 adeptus
1112 2376 1173 2413 non
1187 2356 1298 2433 expri-

207 2448 271 2496 mat
284 2437 345 2495 MS.
360 2457 432 2514 quae
451 2448 557 2496 cuncta
571 2438 693 2496 lacunae
706 2436 791 2496 lsiatu
806 2437 1028 2517 desiderantur,
1049 2460 1082 2500 ea
1097 2449 1196 2499 tamen
1210 2439 1298 2518 igno-

206 2531 239 2581 to
257 2532 426 2580 remanente
444 2523 520 2600 regis
534 2522 669 2598 sintarine,
691 2521 748 2580 lsac
764 2525 857 2582 altera
878 2526 1063 2606 superiorem
1084 2533 1201 2584 tutante
1221 2545 1298 2584 con·

206 2607 320 2665 iectura
335 2608 515 2686 supplemus.
558 2608 617 2682 tc,
639 2607 665 2666 si
685 2607 785 2683 lubet,
806 2609 909 2670 densus
923 2611 1072 2688 Scaligero
1093 2610 1175 2688 quod
1191 2618 1298 2688 postu-

206 2691 264 2765 lat,
287 2700 323 2748 ut
334 2712 389 2769 pro
404 2712 460 2769 qua
474 2693 683 2751 contendimus
696 2693 852 2752 certiorem
873 2695 1015 2754 faciamus
1030 2695 1201 2773 opinionem
1206 2716 1217 2767 ς
1236 2693 1295 2754 de-

206 2795 291 2848 mm,
308 2775 450 2854 inquam,
472 2775 625 2834 Chamoim
642 2797 720 2834 asssso
736 2777 841 2836 mundi
856 2781 951 2844 3145.
967 2777 1092 2858 sceptris
1107 2778 1247 2856 potitum,
1266 2785 1297 2837 et

207 2861 246 2918 sd
265 2860 405 2936 Scaligeri
427 2871 533 2919 nutum
556 2861 640 2918 antiis
660 2867 710 2926 26.
735 2881 768 2920 ea
790 2864 936 2939 tenuisse,
964 2862 1001 2922 sd
1019 2882 1131 2922 eranum
1153 2861 1296 2921 videlicet

206 2947 300 3008 3171.
316 2964 376 3022 quo
393 2963 459 3002 curn
475 2946 593 3024 excepit
607 2946 763 3003 Ainesises:
784 2947 928 3005 Ainesises
944 2947 999 3007 iste
1017 2948 1102 3006 annis
1117 2948 1169 3014 65.
1182 2967 1294 3025 regns-

204 3027 268 3101 vit,
290 3047 326 3086 ac
341 3027 467 3107 proinde
488 3049 599 3088 arrasum
616 3031 709 3094 3236.
732 3029 839 3107 attigit.
883 3031 1000 3104 Quaero
1015 3031 1091 3108 iam,
1112 3033 1226 3092 medius
1242 3031 1294 3090 ille

206 3111 402 3171 isssrosninatis
425 3123 498 3190 quot
512 3113 594 3192 regni
614 3133 707 3172 astrios
737 3116 932 3192 assequetur?
959 3117 1085 3176 Nullos'l
1113 3118 1181 3175 Non
1202 3115 1295 3193 igitur

207 3198 307 3255 extitit
326 3207 378 3254 aut
396 3199 540 3273 regnavit.
583 3197 729 3276 Aliquos'l
755 3199 853 3258 Medio
868 3202 968 3280 itaque
986 3201 1147 3261 Arssesisem
1163 3202 1244 3260 inter
1264 3207 1296 3258 ct

207 3278 295 3338 Usem
315 3279 485 3341 interuallo.
529 3284 570 3341 At
585 3284 790 3357 expernerrrlato
805 3285 947 3361 Scaligeri
960 3287 1077 3344 calculo
1090 3285 1228 3344 Amerinis
1239 3305 1295 3343 an·

206 3361 241 3421 ni
259 3363 327 3420 Usis
339 3365 376 3421 ab
392 3383 426 3422 eo
439 3365 562 3442 secundi
576 3365 758 3442 temporibus
771 3365 904 3427 haerent.
935 3369 1058 3428 Nullum
1074 3388 1144 3446 ergo
1164 3369 1296 3429 sextide-

206 3446 278 3506 einai
301 3447 378 3525 regis
410 3447 550 3527 anonymi
576 3447 701 3526 imperio
729 3451 905 3510 conceditur
928 3453 1074 3532 spatium,
1101 3453 1184 3512 nulla
1213 3454 1298 3532 regni

207 3529 326 3591 duratio
341 3533 514 3612 imputatur.
555 3531 636 3590 llaec
650 3531 709 3590 suit
723 3531 756 3590 in
771 3532 924 3594 Clsarnoim
946 3557 1044 3615 regem
1067 3538 1208 3617 Scaligeri
1225 3559 1299 3598 mn·

205 3615 376 3694 stilicentia,
398 3626 434 3675 ut
446 3615 530 3694 regni
541 3622 591 3686 26.
606 3616 690 3676 arinis
706 3620 866 3694 concessis,
887 3621 1005 3682 nullum
1023 3623 1225 3683 sextodecimo
1244 3642 1298 3683 re·

205 3699 371 3779 linqueret,
393 3701 444 3760 scd
464 3721 560 3780 neque
583 3701 682 3760 solum
706 3702 784 3763 diens
812 3703 985 3785 imperando
1007 3709 1201 3789 permitteret
1248 3708 1296 3767 Ex

207 3785 331 3844 adverso
347 3807 414 3854 cum
436 3787 603 3846 emendatio
624 3794 725 3844 nostra
740 3791 965 3866 quatuordecim
986 3813 1079 3854 annos
1101 3793 1196 3853 eidem
1218 3791 1298 3851 nulli

206 3861 284 3928 sacta
301 3869 408 3930 iniuria
424 3870 552 3946 tribuat,
574 3891 630 3930 nec
643 3871 702 3933 MS.
719 3873 781 3930 vim
795 3874 916 3952 inserat,
939 3886 1042 3958 etqua
1061 3888 1147 3959 parte
1164 3875 1298 3935 necessi·

206 3961 251 4012 tas
265 3955 378 4034 expetit
390 3955 587 4036 interpoletur
601 3965 713 4032 textus,
731 3957 934 4021 coniecturam
949 3973 1083 4024 nostram
1097 3959 1298 4040 Scaligeriana

205 4037 347 4098 tutiorem
361 4040 518 4120 possumne
529 4042 688 4102 affirmare.

295 4129 402 4206 Toipap
418 4122 552 4206 ἄμαχος]
573 4126 740 4207 interpolat
752 4127 885 4208 Scaliger
905 4128 943 4190 de
963 4150 1019 4191 suo
1033 4119 1200 4210 reponens.
1227 4132 1298 4190 Tos-

204 4199 339 4288 yaipnpoe
352 4206 465 4290 ἄμαχος
476 4214 551 4292 χειρὶ
567 4210 585 4274 o‘
599 4206 791 4292 ἑρμηνεύεται
809 4216 973 4296 Τίσανδρος
988 4215 1039 4293 ἔτη
1054 4209 1112 4276 otl'.
1136 4212 1219 4288 Quid
1229 4222 1297 4292 agat

205 4290 244 4351 de
259 4312 334 4353 voce
348 4294 580 4376 περισσομέληςῖ
602 4299 732 4374 Agnovit
742 4298 957 4379 nspsooopdlqa
977 4297 1106 4361 rescidit.

288 4369 516 4464 Ἔτἠσιπαντός]
537 4381 758 4462 Significsntius
769 4383 900 4465 Scaliger
913 4383 1030 4466 αἴτησις
1040 4376 1160 4458 παντός.
