3109 4959
617 374 916 445 DISSERTATIO.
1267 368 1316 441 41

228 534 398 595 stolorum
387 533 501 600 raserit.
542 488 617 595 Nam
637 483 785 596 ἐκτίθεται
806 532 845 592 ad
863 544 1015 596 auctorem
1033 533 1225 618 honymum
1237 534 1300 597 refe

228 620 355 682 rendum
366 630 424 700 est,
445 620 491 681 uti
507 638 631 699 sequens
645 619 843 681 κατατίθεται

312 748 382 823 Quo
399 757 496 807 autem
511 755 643 825 temporo
657 744 791 804 Zosimus
806 743 1004 829 philosophus
1018 745 1147 822 vixerit,
1168 767 1231 808 nou
1248 746 1320 806 satis

228 832 333 913 liquet.
375 830 555 893 Bocrhavius
577 850 642 889 eum
659 829 868 910 philosophum
885 823 997 890 saeculi
1008 832 1105 911 quinti
1122 831 1207 907 dicit,
1219 833 1319 893 nescio

229 939 289 997 qua
305 918 483 977 auctoritate
496 914 588 973 nisus
630 914 760 993 Scalrber
767 916 805 973 ad
816 916 978 975 Eusebiana
986 937 1052 997 pag.
1073 919 1143 985 258.
1156 926 1225 977 ante
1239 920 1321 977 Parr-

228 1002 445 1079 odorun1,qui
468 1000 595 1059 Arcadio
619 998 784 1079 imperante
812 1000 892 1059 circa
921 1021 989 1062 ιιιιιι.
1010 1005 1073 1068 400
1094 1001 1234 1081 scripsit,
1256 1005 1320 1062 Zo-
1409 1015 1413 1020 ’

230 1088 341 1149 simum
361 1085 471 1146 vixisse
496 1085 663 1144 contendite
690 1106 759 1143 narn
783 1085 943 1162 Georgium
965 1087 1065 1146 locum
1090 1087 1200 1146 Zosimi
1219 1107 1322 1147 noue

230 1172 352 1253 scriptis
370 1169 515 1245 auctoris,
537 1189 673 1230 verume
691 1169 847 1229 Panodoro
868 1170 1008 1230 hausisse.
1049 1172 1131 1232 llaec
1144 1192 1230 1232 causa
1242 1191 1322 1232 vana

230 1267 290 1331 est,
310 1265 398 1333 atque
413 1255 494 1314 omni
507 1256 682 1314 auctoritate
695 1265 784 1317 caret.
808 1288 844 1299 -
864 1255 1030 1332 Zosimum,
1051 1253 1105 1319 τόν
1120 1256 1229 1339 μέγαν,
1251 1266 1321 1317 autc

231 1340 481 1419 Olympiodorum
497 1340 622 1416 vixisse,
644 1348 727 1419 patet
740 1348 835 1399 tunae
849 1340 983 1416 catalogo
997 1342 1087 1401 citato
1099 1346 1162 1404 soie
1177 1346 1320 1421 ποιητῶν,

231 1427 283 1504 qui
298 1426 432 1485 ordinem
446 1428 588 1507 temporis
602 1425 751 1503 sequitur,
774 1434 804 1484 et
818 1426 850 1483 in
864 1446 923 1504 quo
936 1426 1070 1486 Zosimus
1085 1437 1154 1487 ante
1167 1427 1324 1508 Olympio·

231 1510 337 1569 dorum
352 1512 467 1591 positus
487 1520 547 1585 est,
577 1519 643 1569 tum
659 1530 697 1569 ex
721 1530 773 1585 eo,
796 1512 878 1589 quod
900 1512 1134 1591 Olympiodorus
1153 1512 1186 1571 in
1209 1514 1323 1593 scripta

230 1597 341 1657 Zosimi
359 1604 574 1655 commentatus
594 1615 655 1655 esse
675 1595 796 1655 dicitur.
827 1595 1060 1674 Olympiodorus
1081 1607 1178 1656 autem
1199 1596 1323 1677 scripsit

230 1680 397 1740 Theodosio
413 1680 521 1739 minori
534 1688 691 1756 regnante,
713 1678 820 1748 Photio
836 1688 910 1737 teste
925 1679 990 1737 cod.
1004 1684 1061 1744 8οι
1082 1680 1102 1741 i.
1117 1701 1143 1742 c.
1157 1682 1237 1748 inter
1249 1702 1320 1743 οιιιι.

230 1768 292 1833 408
309 1799 351 1812 -
366 1766 444 1839 450;
467 1773 497 1822 et
514 1764 654 1821 historiae
674 1760 744 1819 linis
761 1772 825 1821 erat
843 1762 876 1820 in
893 1762 982 1821 caede
1001 1762 1138 1840 Iomanis,
1164 1766 1241 1842 regis
1262 1767 1323 1823 tto-

230 1870 404 1923 manorum,
429 1847 476 1905 cui
504 1845 732 1905 Valentinianus
757 1847 909 1927 septennis
929 1848 1070 1907 successit
1090 1868 1159 1908 aran.
1184 1850 1257 1913 425.
1281 1881 1323 1896 -

230 1936 309 2013 Ergo
325 1943 393 1991 ante
408 1932 467 1989 hoc
481 1940 599 2011 tempus
620 1930 769 1991 Zosimum
783 1932 894 1992 vixisse
908 1953 1025 1993 necesse
1041 1932 1107 1993 erit.
1150 1933 1250 2008 Quum
1267 1950 1324 1993 ve·

229 2040 265 2079 ro
285 2016 469 2076 Christianus
481 2017 554 2093 serit,
575 2036 671 2094 neque
687 2016 767 2096 apud
787 2018 883 2077 ullum
900 2019 1078 2099 scriptorem
1097 2018 1208 2079 saeculi
1230 2039 1325 2098 quar-

229 2104 320 2163 tisut
340 2100 436 2181 quinti
458 2110 574 2181 praeter
590 2102 857 2181 Olympiodorum‚
878 2108 934 2165 soei
952 2100 1081 2183 μεγάλου
1099 2108 1228 2183 ποιητοῦ
1241 2124 1325 2163 ιιιοιι-

228 2188 273 2247 tio
296 2196 358 2245 cst:
382 2186 510 2245 arbitror
524 2206 590 2245 eum
605 2185 687 2245 haud
702 2189 829 2246 multum
850 2197 918 2246 ante
939 2208 1050 2248 annum
1066 2190 1324 2269 quadringentesi-

231 2292 313 2333 mum
329 2282 400 2351 post
417 2270 485 2337 Chr.
501 2281 562 2332 nat.
576 2272 748 2353 ponendum
765 2293 841 2351 esse,
858 2273 901 2333 ita
916 2283 951 2333 ut
965 2274 1066 2335 forsan
1079 2275 1209 2356 aequalis
1224 2276 1324 2335 Pano·
1398 2267 1399 2270 ¹
1448 2244 1450 2248 Ι

232 2358 299 2419 dori
312 2358 410 2417 luerit.

317 2485 434 2545 Testem
451 2482 630 2549 narrationis
646 2484 682 2543 de
697 2484 852 2564 Egregoris
870 2486 1042 2544 Hermetem
1057 2505 1178 2583 quoqpe
1191 2484 1325 2545 Zosimus

231 2570 350 2646 laudat,
372 2570 458 2629 illum
478 2569 586 2630 sabulis
606 2570 736 2629 cuiusvis
745 2571 871 2666 'generis
891 2580 1068 2629 exornatum
1087 2570 1247 2649 sapientem
1267 2568 1325 2629 dc-

230 2658 415 2741 gyptium,
409 2656 457 2715 cui
477 2665 542 2714 tum
560 2655 672 2732 scripta
692 2653 830 2731 antiqua,
851 2654 987 2731 inprimis
1001 2652 1140 2732 physica,
1162 2654 1277 2712 medica
1294 2664 1325 2713 ct

231 2742 369 2801 astroloo·
342 2761 421 2817 gres,
444 2759 572 2818 quorum
601 2748 736 2796 auctores
758 2736 854 2813 ignoti
881 2747 1069 2806 crant,tun1
1093 2738 1260 2797 recentiora
1288 2738 1325 2797 ab

173 2820 177 2827 ’
230 2826 307 2905 ipsis
330 2822 520 2897 auctoribus,
544 2821 672 2879 maxime
692 2820 867 2880 Christianis
890 2822 1060 2903 Aegyptiis,
1080 2824 1326 2903 Neoplatonicam

231 2908 452 2991 philosophiam
474 2905 683 3003 sequentihus,
706 2907 957 2986 supponebantur
1005 2908 1087 2987 luter
1116 2910 1326 2969 obscurissima

231 3013 303 3054 vero
319 2990 504 3069 antiquitatis
520 3000 591 3049 sunt
605 2989 716 3069 scripta
731 2991 914 3069 Hermetica,
934 3014 1031 3074 neque
1050 2994 1150 3055 adhuc
1164 2996 1246 3055 ullus
1267 2995 1326 3054 do-

234 3087 352 3138 ctorum
367 3075 516 3155 ingenium
530 3095 565 3134 ac
576 3084 693 3155 tempus
715 3076 758 3138 rei
778 3080 939 3139 litterariae
958 3079 1052 3158 gratia
1074 3080 1213 3154 devovit,
1236 3089 1269 3139 ut
1292 3100 1326 3139 ea

233 3162 400 3239 collegisset
412 3170 500 3241 atque
512 3160 724 3241 interpretatus
738 3174 822 3226 esset.
865 3165 940 3224 Nam
963 3166 1016 3223 etsi
1035 3164 1170 3222 barbarie
1191 3125 1325 3241 horrent,

232 3249 286 3308 etsi
301 3248 390 3327 plena
414 3256 484 3306 sunt
505 3246 690 3322 fabularum,
713 3248 973 3308 deliramentorum
985 3270 1018 3307 ac
1033 3248 1204 3325 vecordiae,
1225 3259 1325 3309 tamen

232 3341 264 3394 et
276 3332 424 3409 ingenium
442 3333 553 3391 saeculi
568 3332 615 3392 sui
629 3342 796 3404 ostentant,
818 3343 848 3392 et
860 3336 947 3413 plura
961 3335 1124 3410 fragmenta
1140 3336 1326 3414 antiquitatis

232 3416 417 3496 elegantioris
431 3416 510 3475 inter
525 3415 578 3475 has
593 3418 695 3477 sordes
709 3418 880 3478 delitescere
895 3427 1031 3497 possunt.
1054 3450 1096 3465 -
1116 3420 1248 3479 Zosimus
1262 3419 1326 3479 lau-

233 3503 286 3564 dat
306 3501 442 3578 Physica
461 3502 630 3576 JIermetc's,
651 3502 737 3561 cuius
760 3503 832 3561 libri
852 3502 889 3560 ab
911 3503 969 3561 alio
989 3503 1133 3582 scriptore
1145 3504 1325 3565 mentionem

232 3590 341 3649 iactam
354 3605 416 3647 esse
429 3605 492 3643 non
505 3587 631 3665 reperio.
673 3587 835 3647 hlorhofius
853 3587 885 3645 in
900 3588 976 3647 libro
992 3589 1014 3647 l.
1028 3588 1223 3668 Polyhistoris
1236 3611 1265 3670 p·
1275 3591 1325 3653 99.

234 3674 372 3750 coniicit,
394 3670 527 3730 eumdem
548 3672 672 3730 fortasse
695 3692 757 3731 esse
776 3672 907 3748 librum,
928 3673 979 3752 qui
1000 3694 1018 3731 a
1042 3674 1168 3753 Georgia
1189 3695 1255 3755 pag.
1271 3674 1323 3738 35.

232 3757 272 3823 u,
291 3768 320 3816 et
333 3778 400 3837 pag.
415 3758 466 3823 52.
485 3756 518 3818 B.
534 3755 588 3814 sub
604 3757 723 3815 nomine
738 3761 812 3818 τῶν
833 3759 1065 3838 Κορανίδοιν
1078 3760 1207 3839 allegari.
1250 3756 1325 3817 Chi-

233 3841 312 3900 mica
328 3853 453 3921 uterque
465 3841 550 3915 liber,
572 3850 651 3899 certe
666 3850 813 3920 exparte,
834 3850 975 3902 tractasse
987 3844 1114 3907 videtur.
1155 3845 1229 3921 Erat
1245 3841 1324 3901 enim

234 3926 332 3984 medio
350 3928 467 3987 saeculo
487 3926 740 4004 decimoseptimo
762 3927 935 4005 Altenburgi
949 3928 981 3986 in
998 3930 1142 4004 Saxonis,
1164 3928 1197 3985 in
1211 3925 1325 3985 Biblio-

235 4005 324 4068 theca
340 4010 441 4071 Ducali
463 4012 559 4073 codex
585 4009 806 4089 manuscriptus
822 4021 1007 4076 vetustorum
1021 4015 1220 4074 Chimicorum
1236 4014 1326 4073 Grae·

237 4113 360 4167 corum,
382 4095 461 4156 inter
481 4118 557 4177 quos
583 4105 613 4155 et
632 4094 866 4174 Olympiodorus
881 4096 1075 4196 Philosophus
1093 4097 1325 4176 Alexandrinus,

237 4198 324 4257 quem
338 4177 371 4237 in
385 4180 490 4241 Zosimi
505 4182 617 4262 scripta
640 4189 870 4240 commentatum
882 4202 944 4243 esse
957 4184 1016 4243 iam
1034 4192 1118 4242 antea
1133 4184 1325 4245 narravimus.

235 4262 284 4323 Ex
304 4261 365 4322 boc
381 4264 532 4327 lleinesius
555 4270 760 4371 fragmentum
765 4267 908 4345 edidits
897 4289 930 4328 nr
944 4290 1004 4348 quo
1023 4265 1306 4347 Olympiodorus
1269 4292 1326 4349 την

237 4348 395 4431 deposito
415 4372 468 4413 τοο
487 4346 599 4435 Ἑρμοῦ
622 4361 652 4413 et
674 4375 732 4433 την
751 4313 912 4435 ’floputnbiv
925 4356 1031 4435 βίβλον
1047 4353 1165 4430 laudat,
1187 4354 1327 4433 quodque
