3109 4959
270 424 345 502 384
436 480 438 482 -
640 432 984 502 curaverimus

354 588 387 665 ξ.
409 588 600 671 Νεφερχέρης
613 588 662 690 έτη
678 581 729 651 αι’.
746 581 801 666 ἐφ’
824 579 863 651 od
877 583 1043 668 μυθεύεται
1061 587 1116 656 τδν
1133 595 1246 654 Νεῖλον
1266 589 1358 674 μέλιτι

269 673 489 760 κεκραμένον
466 673 580 755 ημέρας
593 667 641 735 ια’.
659 674 778 752 ῥυῆναι.

352 759 469 863 Reliqui
483 759 544 861 dup
557 757 607 816 hic
621 757 780 816 desiderati
795 778 832 818 ex
837 779 911 863 pag.
927 753 977 826 57.
995 758 1032 820 Δ.
1046 760 1212 827 ιηιιιυιηδῑ.

351 838 391 922 η’.
412 838 528 905 Μεθ’
519 841 556 905 δν
570 841 718 948 Σέσωχρις
731 841 781 944 ἔτη
796 837 855 924 μή.
847 868 905 919 ος
917 843 1029 928 λέγεται
1041 839 1229 928 γεγονέναι
1207 858 1290 923 υψος
1302 795 1381 923 rrip-a

268 925 378 1009 χῶνέ.
376 921 616 1031 nutrimini.
608 923 664 990 .τδ
682 921 801 1000 πλάτος.

352 1007 549 1095 θῖΧενεριὶς
563 1011 612 1090 έτη
626 1007 687 1074 ne'.
706 1031 746 1072 ex
760 1011 859 1073 eadem
875 1011 1016 1092 Dynastia
1031 1019 1060 1079 2.
1075 985 1113 1073 ad
1133 1023 1262 1073 mentem
1276 1013 1359 1073 Abi-

270 1097 338 1171 cani
352 1118 425 1205 pag.
440 1099 490 1164 56.
513 1100 548 1158 A.
564 1097 673 1200 posita.

352 1175 419 1244 Ἐπὶ
435 1180 468 1244 δέ
484 1179 573 1243 ἐννέα
592 1175 682 1244 ου’δέν
695 1174 1006 1262 ἆξιομνημόνευτον
984 1187 1127 1266 υττῆρχεν
1145 1181 1179 1246 oi
1194 1203 1246 1244 και
1234 1180 1361 1263 ἐβασί-

269 1266 410 1331 λευσαν”
393 1285 468 1329 erem
483 1259 552 1340 mr.

354 1354 504 1430 Sequatur
517 1299 624 1409 deinde
642 1349 777 1410 Africani
794 1349 983 1429 Dynaatia2.
999 1370 1067 1448 pag.
1058 1351 1133 1416 ..55
1154 1351 1188 1410 1).
1203 1351 1361 1437 bynastiae

270 1435 399 1496 eiusdem
414 1439 445 1500 8
461 1445 490 1495 τι
504 1436 533 1501 4
549 1455 585 1495 cx
599 1456 664 1516 pag.
678 1442 729 1503 56.
746 1445 809 1496 tum
829 1436 967 1514 Dynastia
983 1435 1070 1495 tertia
1088 1436 1127 1494 ad
1139 1435 1258 1496 Eusebii
1274 1455 1361 1494 men·

269 1531 330 1581 tem
345 1541 383 1581 ex
396 1541 462 1600 pag.
475 1521 580 1586 57

355 1606 476 1682 Georgii
506 1603 638 1684 syncelli
664 1614 782 1664 textum
810 1605 938 1665 Librarii
965 1603 1123 1665 vaecordia
1154 1558 1361 1682 perturbatum

270 1689 405 1772 praesuta
428 1690 544 1749 ratione
568 1690 827 1769 interpolandum,
850 1711 918 1750 cum
937 1691 1067 1768 Scaliger
1087 1687 1361 1748 confusionemiel

270 1795 421 1849 errorem,
443 1777 659 1854 Exemplorum
680 1796 710 1853 p.
727 1777 767 1840 14
787 1784 817 1833 et
834 1777 905 1841 355.
920 1775 1027 1853 quibus
1044 1775 1090 1853 1))
1093 1773 1235 1832 nostias
1216 1771 1361 1831 Eusebia-

270 1881 326 1919 nas
341 1871 371 1919 et
388 1861 453 1918 Ab
446 1881 577 1918 monacas
593 1860 752 1933 exscribit,
775 1861 894 1918 nultum
911 1861 1062 1928 observet,
1083 1859 1107 1917 si
1128 1859 1273 1937 quispiam
1287 1860 1362 1914 Sca·

270 1944 357 2021 ligeri
376 1945 498 2024 peritiae
514 1947 582 2024 plus
598 1964 691 2022 aequo
711 1904 840 2005 coirtisus
861 1944 1085 2018 detrectaverit,
1112 1942 1295 2021 sequentinm
1313 1942 1367 1996 ιιι-ι

270 2037 480 2105 guarentorum
501 2031 608 2089 robore
627 2029 786 2088 conmotus
806 2039 906 2091 textus
927 2028 1167 2106 castigationem,
1191 2035 1222 2082 et
1240 2045 1361 2102 repara·

270 2121 337 2170 tum
355 2112 509 2174 ordinem.
530 2119 644 2168 tantum
664 2113 803 2188 pertinax
823 2133 885 2170 non
905 2114 1011 2183 tum-it,
1040 2110 1145 2170 lubens
1166 2128 1282 2166 mecum
1304 2109 1360 2166 ad-

269 2193 379 2254 mittet.
400 2200 428 2260 1.
444 2195 626 2272 Scaligerum
645 2194 802 2274 deceptum
818 2215 904 2252 nemo
922 2194 1091 2267 mirabitur,
1113 2191 1163 2270 qui
1184 2201 1361 2272 corruptum

272 2278 427 2354 codicem,
447 2298 532 2357 quem
545 2279 759 2357 expressimus,
781 2290 939 2358 sequutum
952 2278 1005 2336 sibi
1019 2277 1210 2358 persuaserit.
1238 2284 1266 2342 2.
1291 2277 1362 2336 Post

270 2363 404 2422 Africani
420 2364 591 2440 Dynastiam
614 2364 739 2440 primam
761 2365 869 2442 pagina
887 2365 936 2428 54.
954 2372 1121 2434 extantem,
1144 2361 1262 2424 Eusebii
1273 2360 1362 2439 pari·

268 2455 317 2506 ter
330 2447 456 2526 primam
470 2466 507 2504 ex
521 2448 643 2524 pagdfi.
657 2450 889 2526 subiungendum
907 2447 986 2507 solus
999 2447 1024 2506 is
1037 2447 1197 2521 inficietur,
1206 2445 1257 2523 qui
1272 2465 1362 2504 unam

270 2531 357 2590 alteri
388 2541 587 2610 comparatam
613 2531 700 2588 nolit.
741 2537 772 2596 3.
803 2535 979 2590 Occurrerct
999 2551 1096 2596 nunc.
1127 2529 1184 2596 ais,
1218 2529 1361 2606 liyriastia

270 2615 407 2675 Africani
419 2615 547 2674 secunda
560 2634 598 2672 ex
611 2613 717 2673 ordine
729 2614 808 2673 inter
820 2613 967 2672 Autbores
982 2615 1137 2690 reciproco
1152 2612 1361 2690 supponenda:

270 2700 315 2758 Ita
331 2700 465 2778 quidemr
492 2699 550 2758 nisi
565 2719 622 2780 pro
639 2697 727 2760 libito
750 2699 807 2758 sibi
824 2699 976 2758 diversum
992 2697 1126 2756 ordinem
1142 2697 1285 2772 Georgius
1298 2697 1362 2755 Au-

270 2783 343 2842 thor
359 2785 558 2863 praefixisset:
589 2783 763 2843 Adducatur
778 2785 882 2862 itaque
904 2783 937 2841 in
953 2781 1057 2840 seriem
1074 2791 1143 2862 post
1160 2781 1277 2840 Eusebii
1292 2780 1362 2860 pri-

270 2888 350 2927 mam
367 2870 496 2928 seeunda
511 2868 640 2928 eiusdem
653 2869 772 2929 Eusebii
793 2868 934 2946 Dynastia
951 2888 988 2926 ex
1003 2888 1068 2947 pag.
1084 2867 1134 2932 54.
1154 2867 1186 2926 Ι).
1201 2875 1246 2942 et,
1269 2875 1362 2944 prout

270 2952 304 3010 in
321 2955 523 3031 superioribus
538 2954 717 3031 interpolata
733 2964 793 3029 est,
814 2955 882 3026 loce
899 2953 1029 3012 seeundo
1049 2951 1199 3011 consistat.
1241 2950 1362 3010 Eusebii

269 3059 309 3096 an
334 3038 466 3096 Africani
488 3039 527 3096 sit
549 3038 687 3096 dubitas?
717 3039 813 3098 Aliam
836 3039 948 3118 pariter
976 3037 1135 3096 secundam
1164 3055 1226 3113 pag.
1249 3037 1299 3102 55.
1325 3036 1361 3098 Ι).
1401 3087 1408 3103 ,

268 3121 413 3182 Africano
432 3123 481 3180 vei
497 3123 622 3181 Eusebio
640 3143 710 3180 num
732 3123 771 3181 sit
786 3125 957 3182 ascribenda
972 3123 1099 3181 disiidas.
1143 3120 1275 3179 Priorem
1294 3121 1362 3178 Eu-

269 3206 359 3283 sebii,
390 3209 510 3266 alteram
530 3206 663 3266 Africani
683 3206 730 3266 bis
746 3207 858 3266 ductus
880 3207 1000 3265 indiciis
1020 3207 1154 3266 decerne.
1197 3210 1227 3268 4.
1248 3206 1362 3280 ltegmn

268 3301 338 3348 octo
371 3293 528 3370 Dynastiae
555 3292 669 3371 primae
701 3293 883 3352 Eusebianue
910 3311 1024 3351 sunnna
1048 3300 1092 3348 cst
1117 3309 1263 3368 annorum
1287 3290 1361 3354 252.

268 3394 334 3453 pag
351 3376 401 3439 ⁵5.
418 3378 449 3434 C.
490 3379 604 3454 ltegum
618 3398 722 3438 rursus
739 3380 865 3437 aliorum
886 3396 993 3435 novem
1011 3372 1148 3452 Dynaatia
1169 3373 1299 3431 secunda
1313 3374 1361 3430 lo·

270 3467 405 3516 catorum
426 3469 535 3519 aetates
550 3463 588 3519 ad
604 3484 698 3520 annos
716 3469 787 3528 297.
807 3461 971 3541 productae
987 3468 1057 3517 aurit
1075 3477 1140 3538 pag.
1157 3459 1207 3524 57.
1228 3464 1263 3516 A.
1276 3477 1361 3514 sum-

269 3561 348 3601 mam
364 3551 682 3623 utramquecompone
700 3550 771 3612 252.
791 3552 905 3610 ιι297.
926 3543 1013 3600 aliam
1032 3563 1178 3602 anitiorum
1199 3543 1267 3607 549.
1283 3539 1359 3595 sub-

270 3627 379 3686 duces·
410 3646 485 3704 quae
512 3639 591 3686 certe
612 3639 656 3687 est
675 3632 776 3688 eadem
803 3649 893 3707 quarn
914 3628 1024 3687 ibidem
1047 3627 1095 3688 bis
1115 3627 1213 3688 verbis
1233 3620 1357 3698 colligit.

271 3710 350 3792 duod
369 3706 492 3812 πρώτης
510 3711 561 3774 καὶ
582 3712 719 3792 δευτέρας
734 3714 911 3785 δυναστείας
930 3713 979 3792 έτη
997 3708 1083 3792 φμθᾌ
1103 3708 1177 3774 nard
1198 3703 1252 3783 miv
1276 3705 1360 3767 ἔκδο-

271 3814 321 3858 σιν
341 3787 502 3876 Εαέσεβέου.
544 3795 623 3855 liaeo
644 3798 745 3876 itaque
767 3798 886 3858 Eusebii
906 3818 967 3858 uon
987 3797 1118 3857 Atiicani
1127 3789 1282 3891 'ttpnastia
1303 3800 1360 3850 est.

271 3884 302 3947 5.
324 3880 459 3940 Africani
471 3899 588 3959 quoque
600 3881 665 3942 iura
679 3882 799 3943 tuenda.
840 3881 1035 3963 ltynastiae
1012 3900 1073 3939 arus
1087 3877 1198 3956 primae
1212 3884 1243 3933 et
1256 3894 1361 3953 regum

271 3975 341 4024 octo
360 3966 393 4024 in
412 3987 444 4026 ea
461 3977 690 4028 incineratorum
713 3990 828 4028 summa
850 3979 894 4026 est
913 3969 983 4032 253
1003 3982 1067 4040 pag·
1083 3959 1131 4026 54·
1149 3961 1181 4021 l)
1199 3959 1360 4038 Dynastiae

268 4052 417 4110 secundae
437 4072 581 4110 summam
601 4073 666 4132 pag.
690 4055 740 4117 56.
763 4055 798 4112 A
823 4053 908 4109 rides
929 4067 991 4104 osse
1009 4064 1154 4103 annerum
1177 4049 1249 4110 302.
1292 4046 1360 4104 Una

269 4136 357 4195 alteri
379 4139 516 4215 copulata
537 4157 680 4196 summam
704 4138 776 4200 555.
802 4134 874 4190 inibi
898 4139 1052 4210 procreat.
1084 4149 1175 4208 eaque
1198 4138 1242 4189 est
1267 4139 1359 4210 'quam

269 4220 403 4279 Africani
418 4221 508 4280 rerba
521 4221 596 4279 mibi
612 4227 772 4296 suggerunt
786 4218 907 4275 ibidem
898 4213 1009 4294 .δμου
1022 4209 1141 4321 npoirnc
1154 4238 1205 4276 ναι
1193 4212 1360 4319 δευτέρας

269 4303 444 4376 densaretur
456 4302 590 4384 proceda
602 4296 806 4383 κατακλυσμὸν
816 4299 864 4378 έτη
879 4296 953 4376 φνέ.
976 4296 1051 4361 nord
1067 4323 1123 4379 την
1131 4299 1248 4360 εκδοσιν
1259 4293 1358 4376 Ἀφρι-

268 4390 374 4448 κανοῦ.
417 4391 447 4452 5.
466 4386 631 4446 Asummis
650 4405 748 4468 nuper
766 4385 908 4468 expositis
931 4403 969 4446 ex
988 4383 1085 4467 prima
1097 4383 1358 4462 secundaqueby·
