3109 4959
280 441 356 515 496
647 452 993 526 EMENDATIONES

277 608 362 668 vetut
380 608 466 751 {im
486 607 649 691 procedens
664 630 703 671 ex
726 608 869 672 Authoris
888 610 1025 673 instituto
1045 610 1210 675 desiderato
1226 615 1363 677 restitua-

278 704 330 753 tur
346 695 453 755 orsini.
957 746 960 751 .

363 780 429 854 Peg.
451 778 520 844 234.
544 774 612 857 Πρδ
632 782 688 861 τῆς
710 781 821 854 τελείας
844 780 1042 859 αἰχμαλωσίας
1061 780 1157 845 ἔτεσιν
1176 779 1235 863 αἲ]
1266 781 1363 843 Habes

276 860 367 941 paulo
381 865 516 941 superius
530 874 734 924 enurneratoss
755 865 866 930 loaeim
880 868 910 929 8.
930 864 1084 926 Iecheniae
1101 873 1129 933 1.
1153 868 1290 929 sedeciae
1311 873 1363 934 11.

277 966 389 1005 summa
408 953 458 1013 20.
1353 970 1358 978 ·

360 1032 425 1107 Peg·
448 1030 518 1097 235.
541 1034 643 1113 Κῦρος
662 1025 750 1107 οὗτος
770 1032 888 1115 πολέμῳ
907 1029 960 1097 adv
980 1039 1114 1117 Κροῖσον
1135 1033 1261 1116 ἔλαβεν]
1291 1031 1363 1091 lulli

279 1114 362 1192 regni
378 1136 454 1173 anno
473 1116 521 1181 15.
536 1137 551 1174 a
566 1118 669 1175 mundi
684 1120 773 1177 instuli
789 1119 881 1185 4966.
904 1118 1017 1177 huthor
1032 1120 1153 1179 interius
1167 1139 1233 1199 pag.
1250 1117 1363 1185 24&AE

362 1201 428 1278 Pug·
451 1204 522 1265 236.
546 1206 648 1282 Κῦρος
658 1200 822 1281 Ἑλληνιστὶ
837 1203 964 1265 ἐκαλεῖτο
982 1198 1189 1285 Ἀρταξέρξης]
1220 1200 1364 1281 losspbus

279 1282 389 1346 Iudaie.
407 1284 474 1344 sirit.
491 1285 542 1343 lib.
560 1292 607 1351 11.
626 1308 690 1365 cap.
706 1293 736 1351 7.
758 1288 887 1348 ineunte.
909 1292 1031 1365 Κῦρον,
1050 1284 1084 1350 ὃν
1097 1282 1364 1369 ἈρταξέρξηνἝλ·

129 1372 133 1379 ’
193 1410 194 1415 1
278 1372 365 1448 ληνες
377 1372 526 1431 καλοῦσιν.
551 1370 679 1447 (lyram,
700 1392 787 1450 quem
802 1375 912 1429 Graeci
928 1370 1123 1448 Attacorum
1138 1375 1307 1431 nomimant.

364 1454 430 1529 Pug-
453 1456 524 1519 237.
546 1450 655 1519 Aedui
674 1453 748 1517 unsel
762 1451 888 1528 τούτους
905 1453 975 1527 rode
992 1449 1115 1536 χρόνους
1127 1449 1257 1535 Ἰωακαὶμ
1270 1454 1365 1517 ἐκεῖσε

279 1530 528 1617 ἀρχιερατεῦσαι]
559 1539 606 1599 Ex
628 1540 746 1619 scriptis
765 1541 802 1599 de
821 1539 921 1599 Iudith
940 1549 1074 1617 tempore
1095 1539 1264 1614 sententiis,
1287 1556 1365 1615 quae

279 1620 489 1699 Babylonicum
512 1625 685 1682 servitutem
709 1624 796 1683 docet
813 1643 982 1701 generosam
998 1624 1081 1681 illam
1103 1625 1258 1682 mulierem
1276 1632 1366 1679 aiste-

281 1706 416 1781 eessisse,
444 1706 480 1763 ab
504 1706 636 1767 Aisthore
662 1710 780 1785 penitus
802 1707 907 1767 omissa
931 1716 990 1780 est,
1018 1708 1102 1765 velut
1120 1708 1158 1765 ab
1181 1707 1242 1765 illis
1259 1706 1365 1764 aetatis

278 1788 373 1847 aliena
393 1790 521 1867 rationes
549 1812 623 1870 quae
643 1785 916 1870 Hierosolymorum
937 1791 1020 1848 clade
1045 1793 1238 1870 posteriorem
1253 1790 1365 1850 habent

277 1876 442 1933 recensitae
455 1875 590 1952 quidem,
616 1884 645 1940 ar
665 1898 697 1935 ea
712 1877 809 1935 solum
825 1887 956 1948 retenta,
978 1895 1052 1952 quae
1068 1877 1162 1935 Xerxi
1178 1883 1366 1934 cenetensem

278 1958 435 2035 opinatur,
459 1960 541 2018 cuius
559 1961 752 2019 fundamenta
775 1961 930 2039 praecipua
951 1959 1078 2036 Georgio
1101 1969 1279 2031 memorata,
1307 1978 1365 2017 ceu

275 2042 377 2101 scdulo
393 2044 481 2121 digna
494 2046 627 2104 examine
641 2046 821 2105 recudimus.
863 2046 995 2105 Primum
1011 2042 1109 2102 verbio
1125 2042 1284 2123 proponitis
1295 2060 1366 2117 sug·

275 2129 397 2201 geritur.
440 2130 548 2187 Xerxis
565 2139 678 2209 patrem
695 2130 814 2189 lle'rium
827 2150 905 2187 anno
920 2131 1009 2192 5028.
1026 2126 1057 2184 in
1073 2146 1163 2202 regno
1184 2125 1363 2203 excipientis

276 2220 424 2288 tempore,
447 2212 553 2268 loacim
577 2214 641 2271 lesu
656 2214 752 2285 silius,
775 2212 894 2271 iosedec
916 2208 1364 2287 nepos,1uduicoPontiiicatu

277 2296 422 2353 eminebat
438 2293 475 2351 ab
491 2294 570 2353 orbis
587 2296 701 2354 conditi
718 2316 796 2354 armo
811 2300 903 2361 5012.
921 2303 1046 2371 uterque
1067 2312 1155 2369 vero,
1176 2312 1292 2351 sacrum
1311 2293 1365 2351 vi·

277 2376 384 2437 delicet
401 2378 470 2453 hic,
490 2378 541 2437 ille
561 2381 674 2455 regium
696 2400 804 2439 munus
820 2380 859 2438 ad
876 2398 987 2437 annum
1002 2376 1106 2435 mundi
1121 2377 1214 2443 5048.
1231 2375 1365 2435 admini-

275 2463 390 2538 stravit,
410 2472 443 2521 ut
457 2462 573 2522 Author
585 2464 758 2524 ludaeorum
774 2462 954 2523 Pontificum
970 2470 999 2520 ct
1015 2463 1165 2520 Persarum
1177 2460 1283 2555 regulis
1292 2482 1365 2543 pro-

275 2547 343 2625 prio
366 2547 496 2607 declaret
516 2549 675 2623 laterculo,
698 2559 728 2607 et
744 2570 798 2608 nos
817 2569 855 2607 ex
871 2549 936 2629 ipso
957 2545 1179 2624 chronologicis
1200 2545 1233 2603 in
1254 2545 1364 2606 nautis

276 2630 480 2712 exprimimus.
522 2632 632 2692 loacim
652 2642 751 2693 autem
774 2654 914 2712 magnum
927 2632 1132 2699 Sacerdotem,
1155 2629 1232 2689 bello
1247 2629 1364 2689 iudaeis

180 2709 213 2766 V·
227 2710 261 2767 58
277 2714 376 2791 illato,
399 2725 430 2775 et
447 2716 720 2777 Nabuchodonosor
734 2718 822 2776 minis
840 2717 975 2777 territum
990 2717 1083 2774 refert
1102 2713 1242 2774 historiae
1260 2712 1364 2774 ludius

275 2810 414 2879 quartum
431 2810 538 2880 caput:
561 2801 626 2881 lpse
641 2812 688 2862 est
702 2802 794 2878 igitur
808 2804 938 2877 Xerxes,
960 2798 1231 2859 Nabuchodonosor
1243 2799 1364 2858 nomine

273 2883 464 2963 indigitatus,
486 2887 568 2945 cuius
584 2886 928 2965 duceinltolophcrnesn
944 2884 1038 2944 virilis
1055 2884 1145 2941 arrimi
1165 2882 1274 2942 mulier
1293 2903 1362 2941 am-

273 2978 377 3049 putata
394 2970 509 3031 cervice
524 2970 642 3030 occidit.
679 2968 786 3045 Quid?
803 2970 883 3049 quod
897 2971 991 3047 capite
1004 2968 1057 3027 illo
1070 2966 1173 3026 iudith
1185 2965 1254 3025 libri
1263 2967 1299 3032 ,4.
1313 2966 1364 3027 hs·

274 3053 414 3113 dacorum
435 3074 532 3131 regens
553 3056 698 3114 recenseri
717 3056 852 3130 nullum,
875 3056 973 3114 nullas
991 3052 1053 3112 eius
1070 3053 1165 3127 vires,
1188 3051 1361 3125 consitium,

275 3157 360 3219 opem
375 3140 488 3198 nullam
504 3138 625 3215 reterri,
646 3140 716 3199 satis
731 3140 862 3214 indicat,
884 3158 1038 3219 suppressa
1052 3136 1176 3196 ludaeos
1188 3136 1268 3195 inter
1282 3137 1363 3215 regia

275 3222 434 3301 dignitate,
456 3222 707 3284 administrandae
723 3225 894 3305 provinciae
905 3231 1082 3303 potestatem
1100 3222 1284 3296 universam,
1305 3241 1364 3301 pe-

273 3326 327 3368 nes
342 3308 467 3368 debilem
480 3307 574 3387 plebis
592 3310 714 3385 ducein,
737 3309 785 3367 vel
803 3310 974 3372 Pontificem
986 3316 1060 3365 tunc
1074 3307 1215 3386 temporis
1231 3306 1361 3367 stetisses

274 3392 416 3469 quocirca
442 3392 575 3473 periculo
602 3393 877 3469 Nabuchodonosor
905 3392 993 3452 armis
1018 3390 1167 3467 ingruenti
1197 3390 1361 3451 remedium

274 3494 379 3551 omne,
402 3495 494 3534 nona
512 3496 596 3554 rege,
617 3478 669 3538 sed
684 3479 721 3537 ab
734 3479 881 3538 imbecilla
896 3497 998 3537 senum
1019 3474 1108 3533 turba
1128 3483 1190 3534 eta
1207 3471 1361 3533 Pontificio

271 3556 384 3618 loacim
402 3556 550 3618 industria
568 3564 722 3640 repetitur.
763 3566 807 3621 Et
816 3559 957 3641 fecerssnt
963 3560 1032 3639 filia·
1046 3560 1156 3633 lsrael,
1178 3559 1260 3615 sicut
1269 3576 1362 3633 prae-

272 3651 389 3722 ceperat
402 3644 447 3699 eis
462 3641 577 3700 Ioacim
591 3665 729 3705 summus
744 3646 900 3722 Sacerdos,
915 3659 943 3705 et
952 3648 1082 3705 &nasus
1095 3642 1230 3700 universi
1237 3640 1361 3718 populi,

240 3742 243 3749 ·
273 3728 331 3809 qui
343 3706 564 3803 Hierosolymis
580 3728 764 3787 residebant:
785 3731 829 3789 ita
841 3750 873 3790 v.
888 3737 918 3797 7.
942 3729 1128 3790 celebratam
1147 3723 1231 3783 audis
1251 3722 1361 3784 leacim

273 3820 305 3871 et
318 3812 443 3870 Senatus
456 3829 580 3883 nomen,
602 3813 712 3871 Xerxis
732 3833 836 3873 vocem
857 3815 906 3875 vel
925 3814 1074 3875 Persicum
1094 3806 1253 3889 imperium
1274 3808 1363 3869 desi-

274 3896 394 3955 deratus
415 3891 478 3955 no'n
501 3893 609 3970 taceri,
637 3906 667 3956 et
688 3896 964 3958 Nabuchodonosor
985 3894 1173 3973 Assyriorum
1192 3891 1361 3974 principem

273 3980 363 4040 toties
383 3978 506 4055 iactari,
526 3977 746 4060 holophernem
767 3983 935 4063 principem
952 3979 1075 4041 virtutis
1089 3977 1200 4052 Assur,
1221 3977 1362 4058 Assyrio-

272 4084 340 4125 rum
357 4064 457 4144 copias
466 4108 478 4139 ,Δ
496 4084 574 4122 erma
583 4060 602 4139 ,⁴
613 4065 710 4125 socios
718 4110 728 4141 ,
748 4064 827 4125 bella
847 4067 936 4127 toties
950 4084 1011 4123 non
1023 4060 1171 4122 inculcari
1183 4070 1246 4121 tota
1258 4060 1361 4122 Iudith

272 4147 397 4209 historia
410 4158 589 4229 peroptasse.
631 4149 741 4209 Verum
764 4170 834 4210 cum
848 4171 942 4211 unum
959 4157 1032 4209 tunc
1050 4146 1141 4207 tuerit
1157 4146 1312 4207 Persarum
1330 4155 1362 4206 st

272 4233 462 4312 Assyriorum
480 4233 650 4314 imperium,
671 4234 823 4295 usitatiore
839 4235 895 4295 sibi
913 4253 988 4294 voce
1008 4232 1139 4293 Persicas
1156 4232 1237 4293 vires
1256 4230 1361 4291 decla·

272 4318 354 4377 ravit
376 4319 541 4397 Scriptura.
587 4318 728 4379 Hebraeis
748 4318 785 4377 ab
810 4319 932 4399 antiquo
957 4318 1144 4378 notassent
1168 4317 1360 4397 Assyriorum

272 4410 423 4481 potestas,
443 4412 533 4464 notus
547 4412 578 4465 st
591 4404 731 4487 probatus
743 4402 863 4467 hostilis
875 4423 978 4466 eorum
994 4403 1127 4465 animus:
1146 4402 1207 4464 iarn
1221 4420 1290 4463 cum
1300 4396 1360 4459 bo-
