3109 4959
287 445 361 522 476
639 451 985 526 EMENDATIONES

284 613 350 694 golt
363 609 441 672 idem
456 607 606 675 Euaeliiaa.
648 610 784 673 Credidit
797 611 945 690 scaligero
960 609 1100 674 Petavlaa
1118 621 1151 674 et
1167 611 1270 675 lteioci
1290 613 1368 675 coloe

283 705 335 764 32.
349 716 444 756 annor
457 696 616 776 Georgium
629 696 768 757 tribuisse
778 697 853 757 lateo
864 697 986 756 edoctam
999 697 1104 758 amerit
1115 697 1170 762 lib.
1184 706 1215 768 9.
1229 699 1268 759 de
1282 699 1367 759 Ooct.

284 784 386 861 Temp.
408 800 474 860 cap.
488 782 542 847 84.
563 781 685 861 Aatyagi
706 781 819 862 pariter
839 802 856 840 a
878 782 1028 859 scaligero
1051 782 1193 863 deceptae
1216 787 1268 851 86.
1287 783 1369 843 dau·

284 875 369 926 taxat
383 884 476 941 aanor
491 867 633 944 resignat:
654 866 733 925 unde
745 865 900 926 Medorum
913 886 1015 945 regum
1033 867 1160 927 collecta
1178 869 1251 935 259.
1273 887 1369 928 aano-

283 971 352 1014 rum
364 969 478 1010 aumma
492 956 543 1016 22.
559 951 706 1011 desectum
722 950 848 1030 patitur.

367 1027 556 1097 Μακεδόνων
570 1033 722 1115 peccem]
744 1033 962 1110 Cognoacendia
975 1028 1162 1095 Macedonici
1174 1034 1258 1114 regni
1277 1053 1370 1095 exor-

284 1119 343 1181 diia
364 1119 404 1178 ad
423 1118 543 1178 Eaeebii
557 1129 714 1200 excerpta,
733 1118 772 1177 ad
788 1117 870 1178 hunc
891 1119 1035 1179 nimirum
1048 1118 1191 1180 Aetheria
1206 1119 1371 1180 00011110-

284 1223 370 1278 cum,
388 1204 530 1264 lectorem
552 1223 639 1263 auum
661 1201 874 1263 eruditiaaimua
890 1203 1027 1264 Patavina
1051 1204 1180 1269 remittit
1201 1204 1253 1264 lib.
1275 1208 1306 1273 9.
1330 1203 1369 1264 de

284 1287 610 1368 doctaiaa'l‘emporum
632 1309 695 1368 cap.
710 1291 761 1353 86.

365 1371 558 1453 matram]
580 1373 717 1449 Scaliger.
737 1363 917 1454 Δαρδάνων.
949 1371 1019 1433 Scio
1038 1371 1203 1432 Dardanioa
1225 1372 1264 1431 ad
1287 1372 1371 1432 Pan-

283 1457 404 1516 noniam
425 1465 455 1514 et
478 1455 679 1515 Macedoniam
702 1455 794 1515 citae:
823 1466 855 1514 at
873 1475 941 1515 cum
962 1455 1077 1516 Eordoi
1096 1458 1174 1516 inter
1192 1455 1369 1516 Macedoeea

283 1551 419 1601 numeret
434 1539 540 1600 Strabo
555 1539 606 1603 lib.
618 1546 649 1606 7.
664 1561 689 1602 c.
702 1544 754 1606 21.
773 1543 898 1606 01280
913 1542 973 1605 MS.
987 1541 1047 1601 fide
1065 1562 1127 1600 non
1139 1540 1255 1604 recedo.

368 1622 436 1706 de
452 1629 508 1706 τῆς
527 1618 648 1706 πρώτης
666 1619 869 1704 Ὀλυμπιάδος
891 1623 965 1689 ἔτεσι
983 1620 1050 1708 κεῖ]
1071 1626 1117 1685 lta
1137 1623 1308 1690 necea'surio¹
1318 1643 1369 1701 re-

281 1711 468 1791 ponendum:
489 1709 534 1769 Ab
555 1730 633 1768 anno
658 1709 768 1790 quippe
786 1711 878 1776 4701.
899 1731 959 1790 quo
977 1709 1174 1770 Macedonem
1188 1709 1272 1786 regni
1292 1711 1370 1768 iacta

284 1804 354 1853 eunt
368 1816 384 1853 a
401 1797 514 1854 Carano
530 1794 738 1868 fundamenta,
749 1793 796 1854 ,ad
811 1795 936 1873 primam
952 1795 1160 1876 Olympiadem
1182 1816 1261 1854 anno
1275 1794 1368 1860 4726.

284 1879 406 1938 affixam
424 1881 474 1945 25.
496 1878 677 1938 recensendi.
705 1879 846 1955 Scaliger,
868 1880 921 1958 qui
939 1889 1040 1956 manet
1062 1879 1095 1939 in
1112 1880 1171 1942 MS.
1192 1875 1241 1957 ιη’.
1261 1898 1368 1936 nume-

284 1983 353 2023 rum
368 1963 492 2038 retinet,
515 1972 544 2021 et
563 1963 599 2020 ab
616 1963 741 2021 Eusebio
761 1971 863 2021 monet
877 1965 1075 2027 observatum.
1116 1964 1155 2022 At
1171 1983 1238 2021 cnm
1262 1961 1368 2040 Caroni

283 2067 408 2123 rognum
427 2046 464 2106 ad
483 2045 629 2106 Abraham
644 2050 734 2112 1203.
751 2047 852 2124 alliget
872 2046 1033 2120 Eueebiue,
1055 2047 1241 2126 primamque.
1255 2046 1369 2123 Olym-

189 2135 223 2190 V.
233 2139 267 2196 51
285 2132 403 2210 piadem
418 2129 450 2190 in
464 2131 594 2190 eiusdem
610 2131 700 2198 1240.
715 2131 904 2206 aulnnoveot,
925 2132 999 2189 alica
1009 2131 1114 2209 viginti
1130 2151 1223 2190 annea
1237 2129 1368 2211 proprio

164 2255 166 2261 ,
284 2234 410 2273 numero
428 2216 604 2295 complendo
620 2216 799 2275 necessarior
816 2225 1075 2295 apponatneceaae
1089 2224 1144 2278 eat.
1263 2263 1266 2267 J
1315 2247 1326 2257 -

324 2355 329 2366 ,
356 2293 438 2371 Ἕως
454 2292 648 2376 Ἀλεξάνδρου
660 2300 864 2378 reductorem]
879 2300 1006 2360 Anniae
1021 2300 1148 2361 conditu
1156 2297 1260 2358 mundi
1275 2298 1367 2363 4700.

283 2403 301 2441 a
317 2381 425 2461 quibua
439 2381 545 2460 elapeia
562 2382 755 2440 Macedonum
768 2403 893 2456 regnum
915 2384 1073 2443 exorditur
1094 2384 1204 2443 additia
1221 2383 1293 2450 455.
1311 2382 1369 2438 ari⁴⁴

283 2487 341 2527 nus
358 2467 450 2532 5156.
466 2486 524 2544 quo
540 2465 637 2543 coepit
652 2483 773 2540 regnare
788 2464 970 2541 Alexander,
990 2466 1127 2544 proxime
1140 2466 1297 2526 obtinetur.

370 2545 483 2623 Κοινός
496 2548 552 2611 ἔτει
563 2545 631 2628 κη’]
653 2547 745 2625 Regni
756 2547 819 2606 eiua
829 2546 948 2606 initium
964 2547 1081 2626 vulgari
1094 2550 1174 2608 orbia
1186 2567 1264 2607 anno
1272 2549 1366 2616 4731.

229 2693 233 2700 ,
284 2633 354 2695 linio
366 2634 458 2701 4758.
475 2633 591 2711 ligitur:
613 2633 683 2692 aelia
699 2652 767 2709 ergo
781 2636 835 2698 28.
850 2652 911 2691 nou
929 2637 980 2699 29.
995 2633 1082 2691 annia
1099 2634 1241 2710 regnavit.

374 2715 439 2792 atta
457 2714 575 2798 circei]
598 2717 644 2777 Ad
658 2717 723 2776 loaa
734 2715 808 2776 baec
821 2715 882 2774 duo
894 2716 986 2777 verba
999 2719 1159 2792 referrem,
1180 2718 1212 2775 ni
1235 2736 1310 2795 quae
1328 2715 1367 2776 de

284 2803 349 2864 Ioae
367 2804 502 2881 loquitur
515 2801 656 2881 periocha
673 2823 738 2881 pag.
755 2806 825 2867 187.
840 2802 871 2863 C.
892 2801 984 2860 nimio
997 2801 1034 2860 ab
1046 2801 1106 2861 illia
1121 2801 1284 2863 dissideret.

361 2885 487 2968 ’Ἄνδρες
505 2880 552 2969 γ’]
581 2889 685 2946 eea-aua
703 2905 856 2947 caesorum
879 2905 1020 2947 numerus
1040 2886 1071 2952 4.
1098 2887 1168 2966 lleg.
1187 2888 1237 2958 14.
1264 2886 1314 2948 vel
1334 2892 1364 2952 2.

284 2972 379 3034 Paret.
395 2973 445 3036 25.
467 2990 528 3030 noa
540 2981 719 3030 recensetur.

369 3056 438 3133 Peg.
461 3059 533 3122 199.
558 3050 667 3135 Πρώτη
685 3049 849 3133 Ὀλυμπιᾶς
864 3050 973 3133 ἤρξατο
990 3049 1090 3130 Ὀζίου
1110 3055 1167 3118 ἔτει
1180 3048 1246 3136 μέ]
1277 3056 1366 3115 Oziae

284 3140 362 3215 regia
378 3141 501 3220 quintae
529 3160 618 3220 eupra
647 3139 902 3216 quadragesimum
930 3159 1026 3198 arnum
1050 3161 1235 3200 communem
1263 3141 1366 3200 arnardi

283 3227 375 3290 4726.
399 3235 622 3285 concurrentem
642 3224 769 3298 obtinet,
799 3243 858 3301 quo
877 3223 1002 3303 primam
1020 3225 1225 3304 Olympiadem
1245 3246 1284 3284 ex
1302 3229 1366 3284 Au·

283 3307 379 3366 thoria
400 3319 488 3369 textu
507 3309 713 3389 praemisimus
737 3307 940 3385 statuendam,
968 3317 1036 3368 ante
1055 3308 1251 3368 Christianam
1270 3327 1364 3369 aeram

283 3391 369 3448 annis
392 3395 463 3458 775.
485 3414 553 3453 cum
576 3415 630 3454 aex
650 3395 711 3452 sere
734 3392 892 3453 mensibua.
942 3393 1051 3453 Verum
1067 3394 1104 3452 ob
1128 3412 1274 3452 annorum
1298 3401 1364 3450 octo

283 3475 414 3552 epatium
430 3478 586 3537 Gotlaoliae
599 3477 759 3558 tyrannidi,
787 3497 862 3556 quae
876 3478 1025 3555 septennia
1039 3469 1157 3536 tantum
1170 3477 1238 3546 fuit,
1253 3475 1289 3531 ab
1301 3475 1364 3533 Au-

282 3557 370 3617 thore
389 3561 550 3620 oscitanter
571 3563 763 3636 attributum,
793 3581 861 3620 cnm
875 3562 1062 3638 aequantium
1076 3558 1178 3635 regum
1188 3558 1259 3617 luda
1273 3558 1365 3618 inau-

221 3669 223 3678 ·
282 3643 450 3721 parationes
462 3664 611 3703 uiioanno
626 3666 710 3704 aecus
726 3644 838 3724 poeitae
855 3653 988 3720 constet:
1008 3643 1044 3700 iia
1059 3643 1090 3700 in
1104 3662 1215 3700 annum
1228 3642 1365 3720 superio·

282 3747 347 3789 rem
357 3728 504 3788 revocatio
518 3727 634 3802 Ouiae,
644 3729 694 3806 qui
711 3728 846 3807 Anariae,
869 3729 993 3806 quintus
1008 3745 1095 3803 cupra
1109 3726 1366 3804 quadrageaimum

283 3813 389 3874 mundi
408 3813 498 3880 4725.
521 3812 675 3871 confestim
699 3823 843 3890 occupat,
874 3811 927 3889 qui
949 3810 1057 3868 certior
1082 3820 1141 3881 eat,
1169 3830 1208 3868 ex
1234 3811 1366 3872 Africani

284 3907 423 3978 computo
444 3897 635 3977 Olympiades
658 3895 771 3974 primae
793 3895 894 3966 eedea,
923 3914 941 3951 a
963 3898 1026 3970 qua·
1040 3892 1179 3974 deincopa
1197 3897 1235 3954 ad
1255 3917 1366 3956 annum

284 3983 389 4042 mundi
403 3983 493 4050 6472.
510 3991 539 4042 et
552 3981 700 4040 Actiacam
714 3979 870 4037 victoriam
889 3980 1051 4056 completos
1069 3981 1139 4044 187.
1155 3980 1367 4061 Olympiadem

284 4069 386 4144 cyclos
399 4066 698 4128 numcratAsricanua
711 4083 776 4142 pag.
790 4065 861 4126 308.
875 4062 909 4120 Ι).
930 4063 1083 4122 Caeterum
1098 4063 1136 4121 ad
1150 4085 1261 4126 annum
1275 4087 1367 4125 mun-

285 4151 316 4208 di
330 4154 482 4230 vulgarem
501 4152 593 4218 4725.
614 4149 736 4209 Azariac
755 4147 910 4225 septimum
923 4156 954 4205 et
965 4148 1219 4226 quadragesimum
1233 4151 1264 4210 in
1277 4172 1366 4230 prae·

285 4235 353 4295 satis
369 4236 600 4316 castigatioribus
612 4233 721 4292 tabuiis
737 4231 881 4306 illigatum
896 4232 967 4290 licet
979 4233 1153 4312 observare,
1174 4236 1367 4314 (100000010-

285 4319 341 4394 tis,
362 4323 519 4402 plusquam
542 4341 596 4400 par
617 4322 693 4378 t'orot
713 4339 730 4375 a
752 4315 900 4396 principio
915 4315 989 4376 luda
1006 4318 1138 4396 regibus,
1166 4319 1245 4381 inter
1258 4318 1365 4377 Ioacim

190 4406 223 4461 P.
235 4407 270 4462 56
287 4423 397 4465 annum
418 4417 557 4487 quartum
578 4415 608 4467 et
628 4401 698 4487 Cyri
718 4401 841 4463 exordia
863 4421 1008 4464 annmuua
1029 4402 1213 4486 acptuaginta
1236 4400 1366 4484 epatium
