3109 4959
263 407 341 481 336
617 417 965 488 EMENDATIONES

263 575 387 653 calam,
407 597 461 636 nec
480 587 583 635 exacto
605 574 809 656 quadrimnio
826 573 907 634 diem
925 579 1078 656 integrum
1091 597 1171 637 anno
1187 581 1356 660 potiuntur

262 663 409 724 interseri.
451 663 540 722 Unde
557 663 745 724 Censorinus.
787 661 1006 742 Aegyptiorum
1023 683 1125 722 annus
1144 665 1248 724 ciuilis
1263 664 1356 723 habet

262 743 327 802 dies
338 751 409 813 365.
423 750 489 806 sine
503 748 568 805 ullo
587 749 773 807 intercalari.
817 748 924 826 ltaque
940 745 1176 826 pueedriennium
1195 745 1285 828 apud
1296 770 1355 824 eos,

261 850 322 888 uno
336 833 456 889 circiter
469 831 519 890 die
533 835 636 891 minus
651 843 703 908 est,
728 853 821 912 quam
836 835 978 890 reaturule
995 830 1244 911 quadriennium,
1264 855 1357 913 eoque
1444 853 1448 866 ¹

251 916 296 994 sit
312 926 347 972 ul
369 919 559 983 anrio1461.
582 917 627 975 ad
644 917 723 976 idem
742 917 920 976 revolvatur
937 919 1136 996 principium.
1178 917 1242 976 llac
1261 918 1356 996 igitur

260 999 416 1059 desultorii
435 1010 465 1060 ot
478 1002 718 1080 retrogredientis
735 1003 806 1060 anm
824 1003 918 1062 forma
936 1002 1082 1080 usquead
1099 1001 1214 1061 cladem
1229 1002 1356 1061 Antonii

260 1094 290 1142 et
304 1087 478 1165 Cleopatrae
497 1087 561 1161 usi,
585 1107 652 1146 cum
672 1089 741 1164 iugo
758 1090 892 1146 Romano
914 1087 1035 1146 modurn
1057 1088 1170 1166 pariter
1191 1085 1261 1145 anni
1284 1089 1356 1146 llo-

259 1169 355 1242 moni‚
379 1171 488 1230 Iuliani
502 1171 657 1243 videlicet,
678 1173 788 1231 imitati
805 1181 892 1247 sunt,
914 1182 944 1230 et
958 1174 1049 1230 sermo
1061 1173 1199 1230 fecerunt
1219 1191 1355 1230 commu-

259 1275 344 1313 nem:
367 1276 493 1335 cumque
508 1266 580 1315 tunc
599 1257 678 1315 circa
694 1262 745 1324 29.
761 1257 887 1333 Augusti
902 1256 992 1336 primi
1010 1255 1132 1330 mensis,
1154 1255 1255 1316 'shutlr
1269 1255 1354 1331 dicti,

259 1341 430 1416 neomenia,
453 1351 482 1399 et
501 1342 572 1400 anni
589 1342 704 1421 primus
728 1340 790 1400 dies
807 1341 984 1417 inciderint,
1009 1341 1140 1400 indidem
1159 1341 1313 1410 mensium,
1325 1349 1356 1398 et

260 1424 331 1482 anni
344 1425 459 1485 dierum
474 1446 599 1485 numero
611 1435 778 1505 posuerunt
790 1419 963 1501 exordium,
985 1446 1000 1484 a
1016 1447 1074 1503 quo
1095 1426 1170 1484 serie
1184 1446 1245 1484 non
1259 1425 1356 1484 iuter-

259 1519 348 1588 rupta
369 1509 468 1568 Martii
483 1512 579 1568 nostri
599 1515 649 1575 26.
669 1509 883 1588 Acgyptiorum
902 1508 1020 1589 septimi
1034 1509 1143 1568 mensis
1158 1515 1209 1575 29.
1224 1529 1356 1568 concur.

258 1614 326 1654 rere
340 1594 546 1653 demonstrant
557 1593 677 1652 tabulae
687 1593 865 1654 ludaeorum
879 1595 1094 1674 Aegyptiorum
1109 1603 1139 1652 et
1153 1593 1356 1653 Romanorum

258 1678 404 1737 mensium
422 1700 439 1736 a
456 1678 542 1737 nobis
562 1673 720 1754 digestae,¹
736 1690 766 1736 ct
783 1701 837 1738 suo
849 1680 918 1738 loco
937 1679 1025 1756 poulo
1046 1679 1125 1737 inira
1146 1678 1354 1756 consulendae.

260 1763 303 1822 De
320 1763 467 1822 mensibus
482 1764 575 1841 igitur
590 1763 805 1842 Aegyptiorum
819 1765 906 1843 quasi
920 1764 976 1824 fixi
994 1784 1110 1843 semper
1128 1763 1242 1822 luerint
1255 1771 1285 1824 et
1298 1762 1354 1821 im·

259 1848 384 1908 mobiles
398 1845 473 1910 eusci
489 1843 642 1927 πρόληψιν
655 1848 789 1928 loquitur
804 1849 921 1908 Autlror
939 1850 1096 1927 Georgius.
1368 1843 1371 1847 ’

343 1934 411 2010 Pag-
440 1939 470 2000 2·
502 1937 596 1996 Τοῦτο
621 1937 717 1995 πᾶσιν
741 1927 982 2014 ὁμολογούμενόν
1006 1933 1068 1997 ἔστι
1090 1935 1154 2006 τοῖς
1177 1927 1275 2015 oiylorc
1295 1955 1355 1994 πα·

258 2009 368 2096 sodon]
398 2017 480 2076 Adeo
501 2027 537 2076 ut
556 2037 680 2078 numero
700 2025 730 2076 et
749 2017 929 2078 authoritate
951 2019 1075 2080 Petrum
1093 2025 1161 2078 ruat
1181 2035 1214 2075 ea
1233 2025 1355 2078 aetiten-

258 2102 322 2175 na,
343 2121 419 2180 quae
435 2101 578 2162 mundum
594 2113 738 2163 autumno
757 2103 912 2163 conditum
929 2104 1050 2164 asserit:
1083 2103 1255 2176 adversam,
1277 2121 1355 2182 quae

257 2185 404 2246 Autlrorie
418 2195 478 2260 est,
498 2195 623 2246 tuentur
640 2209 678 2246 ex
699 2189 819 2247 Graecis
841 2188 1020 2248 Athanasius
1040 2187 1079 2248 ad
1093 2193 1143 2253 17.
1161 2195 1273 2266 quaest.
1293 2191 1355 2246 An·

257 2268 360 2332 tioclri.
404 2271 535 2349 Cyrillus
560 2269 848 2351 Hierosolymitanus
878 2273 999 2332 Catcclr.
1022 2275 1071 2340 14.
1100 2272 1260 2347 Gregorius
1288 2271 1357 2330 Na-

257 2355 354 2413 zianzi
368 2356 535 2436 Episcopus
548 2357 631 2416 Orat.
643 2356 677 2414 in
692 2376 801 2415 novam
819 2359 1010 2416 llominicam.
1041 2359 1239 2416 Damaseonus
1253 2354 1306 2417 lib.
1324 2362 1355 2420 2.

258 2439 296 2498 de
308 2440 367 2500 fide
382 2461 448 2520 cap.
463 2448 494 2514 7.
515 2443 562 2500 Ex
576 2441 689 2500 Latinis
702 2442 874 2502 Ambrosius
894 2443 927 2501 in
943 2443 1157 2502 Hexacmeron.
1198 2439 1262 2500 Leo
1275 2441 1355 2518 l‘apa

257 2546 344 2587 serm.
357 2529 386 2592 9.
402 2527 439 2584 de
453 2526 591 2608 passione
605 2525 731 2585 Domini.
753 2527 905 2598 Isidorus,
927 2527 1066 2602 Strabus,
1088 2526 1243 2599 Rabanus,
1266 2526 1354 2602 Beda,

258 2610 372 2668 etalii.
414 2610 571 2690 Approhat
594 2611 725 2670 Ecclesia
755 2612 788 2670 in
812 2611 948 2672 Concilio
973 2611 1138 2672 Palaestino
1159 2610 1215 2670 sub
1235 2609 1355 2670 Victore

258 2694 422 2771 Pontifice,
445 2717 506 2776 quo
524 2696 660 2774 legimus.
709 2696 891 2776 Theophilus
909 2699 1081 2776 Episcopus
1102 2694 1189 2756 dixit.
1222 2695 1301 2753 Ecce
1318 2691 1357 2753 de

180 2773 211 2829 P·
227 2774 309 2838 2dle
323 2779 502 2861 Dominico,
526 2786 603 2861 quia
620 2784 744 2861 primus
760 2787 817 2858 sit,
842 2783 1014 2861 probastis:
1043 2780 1079 2840 ele
1094 2791 1223 2860 tempore
1242 2789 1356 2850 (eutem,

233 2917 235 2922 .
259 2863 339 2946 quid
359 2864 484 2924 dicitis?
517 2869 661 2945 Quattuor
675 2871 754 2926 enim
775 2867 887 2926 muudi
908 2879 1042 2948 tempora
1056 2869 1268 2946 (accipiuntur,
1296 2885 1357 2937 uer,

259 2961 377 3026 aestas,
407 2961 576 3009 metuemus
590 2963 617 3010 et
639 2953 751 3030 hyems.
790 2951 884 3031 Quod
897 2975 968 3032 ergo
983 2965 1100 3032 tempus
1110 2955 1212 3031 primo
1225 2951 1355 3027 suetum

258 3039 292 3094 in
308 3033 445 3093 mundo?
473 3037 622 3116 Episcopi
642 3035 879 3116 responderunt.-
901 3059 1032 3096 verenam.
1081 3035 1265 3116 'I'heophilus
1279 3037 1357 3112 Epi-

259 3141 368 3199 scopus
381 3119 469 3184 dixit.
495 3121 627 3179 Probare
638 3120 724 3200 quod
735 3121 858 3180 dicitis:
880 3123 931 3181 illi
943 3118 1168 3200 responderunt.
1200 3123 1358 3198 Scriptum

259 3217 319 3266 est:
346 3208 500 3265 Germinet
516 3217 597 3265 terra
606 3209 693 3282 foeni
711 3206 836 3266 herbam
851 3205 1014 3266 secundum
1026 3227 1124 3282 geraus
1138 3226 1244 3282 suuni,
1266 3215 1296 3262 et
1311 3205 1357 3262 li-

257 3312 356 3370 gnum
370 3293 570 3370 fructiferum
584 3294 693 3368 serens
709 3293 848 3366 fluctum
868 3314 968 3355 suum.
1010 3294 1081 3350 Iloc
1100 3301 1201 3363 aretem
1217 3291 1358 3368 tempori·

260 3376 318 3434 hies
345 3380 423 3434 suris
453 3379 614 3455 accipitur.
659 3377 847 3457 Theophilus
875 3376 963 3439 dixit.
1007 3378 1045 3438 ln
1077 3398 1137 3457 quo
1167 3377 1233 3435 loco
1261 3385 1357 3454 capul

260 3458 372 3518 mundi
391 3482 452 3517 esse
466 3461 611 3520 creditis?
633 3463 671 3522 In
688 3466 842 3544 principio
862 3464 1017 3543 temporis,
1043 3463 1148 3521 autin
1170 3457 1267 3518 medio
1282 3471 1358 3516 tem·

254 3563 344 3625 pore,
383 3555 440 3600 erret
469 3547 502 3602 in
524 3547 614 3624 fine?
642 3550 790 3628 Episcopi
815 3547 1041 3628 responderunt.
1088 3547 1126 3606 In
1153 3546 1356 3624 aequinoctio,

260 3639 367 3687 octavo
388 3625 595 3688 Kalendarum
606 3631 786 3710 Aprilium:
812 3644 900 3712 etque
920 3632 962 3691 ita
977 3629 1076 3690 lllartii
1098 3630 1148 3696 25.
1193 3629 1357 3710 Oppositae

257 3713 422 3773 sententiae
440 3724 590 3772 momenta
605 3736 642 3774 cx
660 3717 802 3794 scaligeri
821 3719 858 3777 de
873 3716 994 3776 Emend.
1014 3716 1116 3795 Temp.
1131 3714 1183 3775 lib.
1197 3716 1227 3780 5.
1250 3722 1280 3773 et
1296 3713 1355 3773 Pe·

256 3799 333 3860 tavii
347 3799 384 3856 de
399 3818 502 3858 eorum
518 3800 603 3857 lloct.
617 3799 669 3861 lib.
685 3805 718 3866 9.
734 3822 799 3881 cap.
814 3807 844 3870 6.
859 3800 1036 3884 perpendes.

341 3878 392 3946 Ἐν
413 3878 506 3969 ταύτῃ
529 3885 561 3946 δὲ
588 3881 722 3967 Γαβριὴλ
744 3883 795 3948 τὸν
818 3879 1251 3968 ἄσπασμόνλπροιφθὲγξαιο.]
1272 3881 1356 3942 Haec

257 3967 438 4028 Theodoreti
452 3989 534 4029 mens
545 3968 576 4028 in
591 3970 729 4030 Exodum
741 3981 854 4050 quaest.
872 3981 1028 4051 postrema.
1066 3969 1204 4029 llelibant
1214 3966 1288 4027 llaec
1299 3967 1356 4026 lla-

258 4053 365 4114 ronius
381 4053 414 4113 in
432 4055 593 4114 Annalium
610 4066 755 4134 apparatu
772 4077 854 4114 num.
870 4062 941 4122 222.
960 4065 990 4114 et
1004 4055 1154 4114 cedrenus
1170 4054 1203 4112 in
1225 4052 1357 4133 Syuopsi

259 4136 417 4198 historica:
435 4141 540 4219 quibus
552 4139 625 4199 lraec
635 4140 720 4201 Pauli
730 4141 841 4201 l‘etavii
855 4141 1002 4220 quadrant
1014 4131 1260 4200 commodissime.
1287 4141 1356 4197 Nou

260 4243 362 4283 omnes
377 4224 481 4285 eodem
495 4225 584 4284 modo
596 4226 633 4284 ab
647 4226 733 4286 annis
747 4219 1039 4290 cti-istitnumersnt.
1084 4225 1162 4284 Galli
1178 4222 1254 4283 enim
1268 4244 1285 4282 a
1301 4225 1357 4283 Ile·

261 4309 463 4388 surrectione,
486 4331 541 4372 ceu
553 4311 693 4372 Passiono
709 4313 842 4389 Domini,
864 4311 935 4371 enni
948 4311 1128 4392 principium
1145 4312 1299 4384 iecerunt,
1321 4315 1356 4368 ut

261 4410 279 4452 e
295 4391 437 4474 Gregorio
461 4397 628 4458 Turonensi
647 4397 768 4479 liquet,
788 4398 998 4465 veteribusoue
1012 4397 1162 4460 Ecclesiae
1186 4395 1355 4454 Gallicanae
