3109 4959
606 431 906 505 DISSERTATIO.
1247 433 1297 506 37

211 591 391 669 descendit,’‘
407 612 467 671 qno
481 592 587 653 inloco
602 588 666 655 oio'
680 590 748 657 ideal
764 590 933 677 ἅγγελος,
946 594 1044 674 aquila
1053 605 1084 657 et
1100 594 1298 677 symmachus,

209 674 278 741 idad
294 672 385 758 ἐγρή
392 700 503 759 γορος
518 686 687 737 verterunt:
709 677 823 758 hosque
836 680 1006 764 Egregoros,
1026 681 1078 760 qui
1092 681 1130 741 de
1143 683 1226 744 coelo
1240 684 1298 745 de-

208 761 393 837 scenderant,
404 762 520 821 eosdem
532 781 594 821 esse
602 772 792 842 putaverunt,
802 766 854 844 qni
862 766 966 827 Genea.
982 786 1046 845 cap.
1055 771 1086 833 6.
1101 785 1178 829 vers.
1193 775 1257 835 2et
1265 768 1297 835 4.

198 846 268 925 filii
282 849 346 905 Dei
352 848 451 907 vocati
459 848 526 907 sint.
548 846 613 907 llos
623 848 742 908 enimin
755 859 863 924 terram
877 850 1062 910 descendisse
1073 870 1224 931 necessum
1234 872 1296 913 esse

205 930 379 1009 videbatur,
402 952 491 1012 quum
505 931 560 989 filii
578 933 640 1007 liei,
662 933 683 992 i.
694 954 720 994 e.
736 932 840 1011 angeli,
855 935 888 992 in
901 936 985 996 coelo
998 933 1163 996 habitantes
1176 934 1295 998 filiabus

204 1014 363 1075 hominnm
385 1017 677 1085 secomnriscuerint,
700 1053 733 1064 -
757 1018 832 1077 Nam
853 1018 992 1080 doctores
1011 1038 1130 1099 quoqne
1154 1019 1295 1081 Hebrsioi

204 1102 331 1160 sensisse
346 1102 492 1175 videntur,
510 1121 603 1179 panca
624 1103 676 1160 illa
693 1102 783 1162 verba
796 1102 942 1165 Geneseos
956 1109 986 1170 6.
1001 1111 1065 1169 2et
1080 1105 1110 1170 4.
1131 1105 1295 1184 fragmenta

203 1193 322 1246 tantum
344 1184 494 1263 amplioris
523 1186 620 1267 mythi
641 1206 711 1249 esse.
760 1188 861 1261 Quum
883 1208 955 1250 vero
975 1186 1097 1267 mytlsns
1115 1208 1131 1246 e
1150 1190 1293 1250 memoria

145 1322 154 1337 ,
201 1268 358 1329 hominnm
369 1269 493 1328 amissus
507 1281 600 1348 esset',
622 1273 806 1332 coniecturas
817 1282 1015 1348 tentaverunt,
1029 1272 1137 1352 quibus
1150 1294 1213 1334 non
1229 1274 1295 1334 sine

202 1353 408 1415 additamentis
430 1365 595 1435 ornatuque
615 1358 709 1416 samse
735 1358 905 1437 posteritati
925 1358 1043 1419 traditis
1058 1358 1200 1438 paulatim
1219 1358 1295 1419 fides

201 1450 343 1517 tanquam
373 1439 593 1500 narrationibus
613 1440 733 1501 biblicis
755 1442 825 1501 data
848 1452 909 1517 est,
930 1442 1120 1521 ntdeniqne,
1142 1444 1242 1503 forsan
1261 1443 1295 1503 iu

200 1524 318 1583 saeculo
347 1522 600 1602 Ptolemaeorum,
627 1526 792 1587 Hellenistn
817 1528 938 1607 quidam
955 1528 1083 1587 iudaeus
1106 1529 1292 1587 coniecturas

199 1608 264 1667 illas
289 1609 484 1689 amplificatas
503 1621 592 1691 atque
613 1622 788 1687 exornatas,
815 1624 850 1672 nt
868 1612 1031 1693 prophetae
1050 1612 1173 1672 Enocho
1193 1634 1211 1671 a
1231 1613 1292 1672 Deo

145 1688 148 1692 ’
198 1693 358 1771 revelatas,
380 1694 466 1755 edere
479 1706 579 1775 posset
595 1694 647 1777 16).
688 1696 913 1756 Namhebraice
925 1696 1008 1755 hunc
1021 1696 1131 1755 librum
1146 1697 1293 1777 scriptum

197 1777 310 1855 fuisse,
332 1779 440 1839 nullibi
452 1781 594 1858 legimns,
614 1799 708 1858 neque
718 1781 750 1837 in
762 1781 933 1857 fragmentis
955 1780 1114 1858 vestigium
1128 1781 1299 1860 deprendi-¹

128 1866 130 1871 ’
197 1871 267 1935 tarr,
290 1884 349 1943 quo
368 1864 532 1925 versionem
556 1886 618 1924 esse
643 1865 831 1944 comprobari
855 1863 964 1944 possit:
985 1864 1017 1923 id
1035 1866 1217 1925 veroestilo
1233 1886 1293 1945 ap-

197 1957 300 2027 paret,
323 1958 473 2008 auctorem
504 1950 575 2009 libri
598 1947 749 2010 Iudaeum
774 1949 880 2025 inisse,
901 1950 953 2029 qui
971 1969 1106 2028 graecam
1125 1950 1293 2009 versionem

197 2032 234 2093 V.
256 2034 290 2093 Τ.
311 2033 428 2111 legerit,
450 2037 526 2113 ergol
542 2034 683 2094 Iudaeum
706 2036 917 2094 Hellenistom.
944 2066 986 2081 -
1014 2034 1099 2093 llixi:
1125 2036 1235 2109 frarann
1258 2038 1294 2092 in

196 2118 319 2176 saeculo
339 2121 578 2179 Ptolemaeorum
590 2121 612 2180 i.
631 2140 656 2179 e.
672 2119 906 2180 Ptolemaeorum
926 2119 1074 2198 priorum,
1095 2117 1291 2198 Philadelphi,

196 2201 367 2281 Euergetis,
391 2202 578 2283 Philopatris.
620 2205 793 2265 Alexamler
811 2206 890 2264 enim
905 2205 1078 2282 Polyhistor
1099 2205 1180 2283 apud
1197 2204 1292 2262 Euse-

196 2286 281 2346 binm
305 2288 342 2347 de
360 2288 528 2368 Praeparat.
539 2290 651 2369 Evang.
666 2290 735 2351 libr.
751 2292 804 2352 lx.
821 2310 847 2348 c.
865 2295 914 2355 17.
927 2298 1070 2363 testetur,
1090 2290 1290 2367 Fmpolemram

196 2370 234 2429 de
247 2372 370 2432 Enocho
387 2374 549 2453 scripsisse,
572 2396 639 2435 enm
652 2375 783 2455 primum
798 2374 947 2434 invenisse
961 2373 1167 2452 Astrologiarn,
1189 2383 1219 2432 et
1231 2373 1290 2432 At-

195 2456 318 2530 lantem,
339 2478 428 2536 quem
443 2460 547 2519 Graeci
562 2460 746 2538 Astrologiae
761 2460 948 2519 inventorem
962 2460 1081 2533 saciant,
1092 2458 1177 2517 illum
1192 2457 1290 2537 ipsum

194 2539 350 2599 Enochnm
366 2543 464 2603 fnisse.
506 2546 545 2603 Et
561 2546 703 2624 Georgius
719 2544 877 2623 Syncellus
890 2563 956 2623 pag.
969 2546 1021 2607 33.
1041 2544 1076 2602 D.
1089 2563 1105 2602 e
1119 2542 1196 2601 libro
1209 2543 1290 2601 Eno-

194 2621 245 2682 chi
276 2635 394 2699 narrat,
426 2628 646 2705 Archangelum
677 2629 807 2688 Urielem
834 2629 921 2687 astris
944 2627 1148 2707 praepositum
1166 2625 1288 2686 Enocho

193 2707 398 2786 Astrologiam'
410 2712 565 2772 revelasse.
588 2744 630 2757 -
651 2712 820 2771 Alexander
832 2710 1004 2788 Polylristor
1018 2711 1097 2769 vixit
1111 2720 1206 2768 aetate
1221 2709 1291 2768 Sul-

195 2794 242 2852 lae
267 2790 410 2872 (Suidas)
435 2793 514 2853 circa
536 2816 604 2856 ann.
625 2797 820 2853 centesimum
845 2804 915 2853 ante
936 2793 1005 2851 Chr.
1025 2803 1105 2867 nat.;
1132 2793 1291 2872 Eupolemi

196 2888 336 2954 aetatem,
360 2898 536 2959 quamquam
557 2878 698 2959 Iosephus
717 2900 784 2937 enm
806 2878 917 2958 pluries
935 2876 1039 2936 laudat
1055 2876 1223 2958 (historiam
1235 2877 1289 2938 Iu-

196 2964 339 3023 daeorum
347 2962 529 3046 scripserat),
541 2985 603 3024 non
611 2964 813 3044 percognitam
825 2962 975 3029 habemns.
996 2965 1074 3021 hnte
1084 2962 1290 3022 Alexandrum

195 3067 264 3107 eum
288 3049 399 3108 vixisse
419 3070 538 3110 necesse
563 3059 625 3125 est,
647 3052 748 3110 forsan
772 3049 852 3108 circa
874 3049 975 3113 a.150
990 3056 1042 3106 aut
1056 3052 1118 3113 200
1134 3056 1203 3105 ante
1219 3046 1287 3107 chr.

196 3143 259 3193 nat.
279 3165 321 3180 -
341 3134 398 3192 lllo
418 3155 490 3193 vero
504 3144 637 3215 tempore
654 3134 785 3196 narratio
799 3134 836 3194 de
849 3133 979 3208 artibus,
1000 3131 1123 3190 Enocho
1139 3132 1290 3207 revelatis,

194 3215 255 3276 iam
278 3217 350 3277 adeo
376 3220 552 3296 pervulgata
566 3228 653 3294 erat,
674 3229 710 3278 ut
726 3220 814 3277 etiam
831 3219 909 3277 inter
921 3216 1092 3296 peregrinos
1113 3224 1287 3290 notesceret,

195 3320 265 3381 ergo
288 3323 350 3361 non
370 3304 447 3362 fama
471 3302 596 3381 linguae,
618 3304 679 3376 sed,
703 3303 736 3363 ni
749 3303 847 3376 fallor,
867 3299 971 3360 eodem
989 3298 1077 3376 libro,
1099 3298 1184 3358 onius
1201 3299 1289 3359 nobis

193 3407 291 3465 panca
312 3389 473 3465 fragmenta
496 3396 610 3447 servata
624 3396 704 3446 sunt.
726 3418 767 3433 -
790 3385 879 3444 ludas
901 3403 1020 3462 quoque
1039 3383 1073 3442 in
1093 3384 1219 3461 epistola
1236 3405 1288 3443 ca·

193 3470 308 3530 thelica
325 3492 402 3535 vers.
421 3472 468 3538 14.
482 3471 668 3552 prophetiam
683 3469 797 3530 Enochi
814 3479 955 3548 tanquam
968 3469 1080 3528 librum
1094 3468 1288 3541 canonicum,

193 3566 276 3615 certe
301 3558 455 3637 antiquum
482 3559 599 3617 laudat:
621 3554 815 3637 Prophetavit
839 3563 937 3613 antem
958 3554 995 3612 de
1018 3553 1065 3612 his
1091 3555 1233 3633 septimus
1250 3554 1288 3611 ab

192 3638 308 3699 Adamo
320 3642 459 3703 Enochus
469 3643 587 3703 dicens:
608 3644 704 3719 „Ecce
716 3640 801 3702 venit
811 3639 955 3700 Dominus
968 3639 1000 3697 in
1013 3639 1143 3697 millibus
1159 3642 1287 3697 Sancto-

192 3742 261 3783 rurn
271 3746 405 3801 snorruu,
417 3737 451 3786 ut
465 3728 611 3788 iudicium
624 3729 698 3787 ferat
710 3734 817 3784 eontra
831 3746 942 3800 omnes,
957 3733 985 3781 et
995 3732 1098 3801 argus-t
1109 3743 1210 3782 omnes
1227 3724 1287 3781 im-

194 3808 260 3887 pios
283 3810 319 3868 de
338 3814 475 3872 omnibns
490 3812 628 3892 operibus
651 3810 827 3891 impictatis,
849 3830 923 3889 qnae
935 3811 1024 3888 impie
1044 3819 1182 3886 egerunt,
1205 3808 1287 3866 etde

196 3892 333 3952 omnibns
356 3898 475 3975 rigidis,
497 3919 572 3977 quae
591 3898 684 3957 locuti
696 3904 882 3956 suntcontra
895 3915 963 3956 enm
974 3904 1146 3973 peccatores
1165 3890 1258 3972 impii.
1266 3892 1285 3921 ''

229 4008 276 4075 15)
293 4008 322 4058 Si
336 4010 401 4061 hanc
423 4013 496 4066 lanius
520 4013 673 4067 irritationis
694 4010 818 4078 originem
836 4026 934 4063 meeum
947 4009 1036 4078 ponis,
1051 4006 1142 4060 nimius
1152 4006 1200 4059 tibi
1213 4004 1286 4058 ride-

261 4077 331 4130 bitur
345 4078 470 4147 losephns
482 4084 599 4149 Scaliger
612 4083 653 4149 (in
667 4080 744 4134 Notis
760 4079 794 4132 ad
806 4079 903 4131 Euseb.
912 4096 972 4147 pag.
986 4076 1062 4143 245.)
1076 4077 1104 4128 ἰιι
1118 4093 1150 4128 ea
1161 4075 1287 4145 perstrin-

261 4144 360 4217 genda:
378 4150 507 4207 „toteuirn
519 4160 578 4205 sunt
591 4153 617 4203 in
628 4152 686 4213 illa,
705 4165 810 4218 quorum
825 4149 916 4218 piget,
928 4148 1017 4200 taedet
1031 4145 1174 4214 pudetque,
1191 4150 1221 4195 nt
1234 4139 1285 4193 nisi

261 4214 351 4269 scirem
370 4216 523 4273 lrnloeornm
538 4238 590 4273 csse
607 4221 727 4281 mentiri,
745 4234 778 4270 ne
794 4216 876 4287 digna
888 4216 990 4283 quidem
1004 4215 1158 4267 cernuissenr
1169 4229 1233 4279 quae
1248 4212 1286 4262 le·

261 4282 406 4353 gerentur·”
424 4313 459 4323 -
476 4289 543 4343 Nurn
566 4290 659 4342 multae
673 4286 831 4341 narrationes
846 4283 1021 4356 Mythologiae
1034 4283 1152 4336 Graecae
1167 4287 1195 4332 et
1208 4278 1286 4331 Chri-

261 4353 365 4475 'qt‘panapl
380 4350 430 4475 clip
447 4356 522 4411 modo
542 4364 615 4413 ortae
632 4357 702 4423 sint,
719 4356 811 4430 «quihus
827 4360 859 4409 ut
879 4353 993 4425 antiquis
1009 4351 1085 4422 vulgo
1098 4366 1165 4403 nunc
1184 4364 1286 4420 quoque

297 4440 336 4476 eru
367 4429 410 4478 ant
