3109 4959
554 437 614 509 ET
635 438 984 509 ANNOTATIONES.
1238 427 1313 504 533

227 590 354 673 gasteis,
376 610 440 653 nou
458 591 582 655 Iulianis
598 594 734 677 loquitur
752 594 871 657 Author
891 594 1051 674 Georgiuaa
1077 545 1160 675 quod
1178 597 1205 656 si
1221 596 1315 678 quip-

225 678 308 757 piam
322 676 405 737 aliud
419 679 510 756 magis
522 680 631 741 serium
647 690 676 740 ct
688 681 830 741 momenti
845 681 965 741 maioris
980 699 1066 759 agens
1083 682 1133 741 vir
1145 682 1314 741 eruditissi-

225 779 291 821 mus
314 760 505 841 advertisset,
539 766 743 847 praesentibus
765 766 885 845 Georgii
905 766 1004 827 verbis
1023 760 1232 849 οἷνιστορησίας
1251 786 1314 826 non

225 847 414 927 aspersisset
428 849 534 907 labem.
1214 894 1220 901 ·

310 930 378 1009 Peg.
397 934 471 998 813·
494 926 582 995 Μεθ’
598 929 640 1013 ἣν
655 928 824 1016 ἀρξαμένην
840 930 895 996 ἔτει
911 928 956 1014 ε’.]
976 934 1021 993 lta
1036 934 1183 994 distinctis
1204 933 1315 995 chara·

226 1012 357 1075 cleribus
373 1033 433 1073 uua
451 1037 519 1076 cum
534 1018 624 1096 llegio
639 1019 744 1078 scribit
758 1019 961 1079 Barberinum.
1002 1019 1129 1078 Faveret
1143 1020 1313 1079 coniectura

226 1118 265 1157 ex
287 1108 411 1160 amnem
429 1096 528 1184 ‘tunel
549 1112 616 1183 post
638 1124 749 1162 asisinus
766 1102 891 1181 Augusti
913 1108 961 1169 16.
979 1112 1008 1161 et
1024 1104 1127 1162 mundi
1146 1106 1238 1169 5466.
1259 1123 1313 1182 per

226 1182 300 1243 alios
316 1183 444 1263 quinque
456 1185 611 1247 adiunctos
624 1197 785 1266 exurgente
798 1188 906 1269 potita,
927 1188 987 1247 nisi
1001 1188 1088 1267 plura
1098 1188 1187 1246 simul
1201 1187 1314 1268 scripta

226 1267 393 1329 obstarent:
415 1288 505 1348 quare
520 1271 581 1333 lass
592 1265 623 1333 e'.
635 1270 668 1329 in
683 1271 739 1333 ἔτει
755 1266 789 1342 ς’.
805 1272 1022 1333 emendandum
1036 1272 1183 1348 concedo,
1205 1281 1235 1331 ct
1247 1292 1313 1331 sen-

225 1372 292 1412 suur
311 1372 373 1413 non
388 1372 426 1411 ex
441 1375 522 1413 αιιειο
534 1357 640 1438 quinte
652 1355 852 1435 impendente,
874 1356 926 1418 sed
944 1377 982 1417 cx
997 1368 1077 1417 sexte
1090 1356 1207 1417 taleme
1223 1375 1314 1438 repe·

225 1439 350 1498 tendum
369 1456 486 1499 moneo.
741 1439 744 1448 ’
1023 1479 1028 1486 ·

313 1526 449 1602 Τεθῆναι
467 1519 524 1603 τὴν
547 1520 773 1607 τετραετηριιιὴν
789 1520 928 1604 ἡμέραν]
964 1523 1214 1597 Quadriennalem
1234 1521 1314 1583 diem

224 1604 388 1666 bissextum
408 1627 446 1667 ex
466 1608 617 1669 Panodori
632 1610 776 1669 sententia
796 1609 914 1690 imperii
929 1608 1068 1688 Augustei
1083 1628 1161 1667 anno
1180 1614 1232 1675 22.
1255 1627 1314 1687 po-

224 1687 333 1765 situm,
355 1699 385 1748 st
397 1693 521 1767 Augusti
534 1693 652 1751 decreto
667 1693 833 1768 sancitum,
852 1697 1000 1769 τεθῆναι,
1022 1693 1165 1769 Georgius
1180 1691 1314 1749 animad-

223 1772 326 1833 vertit
367 1772 414 1829 An
430 1782 503 1833 tune
518 1774 648 1855 primum
668 1784 704 1833 ut
723 1774 907 1853 reciperetur
921 1776 1071 1851 indictus,
1091 1785 1122 1833 et
1137 1783 1206 1832 ante
1219 1794 1314 1833 annos

224 1874 278 1917 sex
297 1856 508 1917 Alexandrinis
524 1858 695 1938 propositus
718 1878 753 1917 ac
772 1859 946 1937 consultus,
968 1879 1046 1918 anno
1062 1859 1174 1918 iuliano
1188 1857 1314 1938 imprae-

223 1939 302 2003 senti
326 1940 365 1999 sd
379 1942 496 2019 regulas
517 1942 739 2002 Astronomicas
762 1944 934 2019 emendato,
957 1942 1167 2003 Alexandrinis
1182 1942 1315 2023 primum

225 2024 359 2107 placuit,
379 2025 453 2085 etin
466 2036 618 2107 posterum
634 2047 779 2086 unacum
798 2048 876 2087 anam
893 2027 956 2087 iixo
977 2037 1007 2086 et
1027 2028 1168 2105 castigato
1189 2026 1241 2105 qui
1256 2027 1314 2086 ols-

227 2119 399 2171 servaretur
417 2120 557 2192 acceptus
577 2112 641 2172 esti
665 2122 718 2171 aut
738 2122 818 2189 certe
838 2111 928 2171 simul
945 2132 1013 2171 cum
1031 2134 1116 2171 anuo
1131 2110 1248 2171 Iuliano
1264 2111 1314 2170 vi-

225 2194 301 2255 tiato
311 2192 354 2253 'ab
367 2195 441 2254 urbs
454 2195 632 2257 Alexandria
647 2196 788 2257 llomanis
806 2196 939 2255 subiecta
957 2196 1073 2256 civibus
1088 2196 1228 2270 usitatus,
1248 2195 1315 2275 ple·

226 2298 298 2339 nam
315 2280 440 2357 Augusti
453 2280 568 2361 placita
589 2282 671 2361 aputl
685 2280 906 2341 Alexandrinos
930 2282 1165 2341 emendationem
1188 2280 1314 2339 sortitus

226 2364 293 2425 est'l
314 2362 444 2424 Dubium
459 2365 519 2425 lma
531 2366 563 2425 in
577 2376 691 2448 partem
707 2386 824 2426 omnem
840 2374 989 2426 versatum
1010 2366 1133 2426 discutit
1147 2374 1314 2442 temporum

227 2447 380 2509 doctrinae
390 2450 579 2511 doctissimus
593 2450 701 2526 author
722 2450 773 2531 lit.
794 2455 843 2517 10.
865 2471 929 2531 cap.
950 2450 1048 2519 ultim.
1092 2451 1175 2521 Quae
1194 2448 1314 2525 Georgii

228 2534 308 2591 eirca
327 2532 406 2591 illud
423 2534 560 2595 doctrina
580 2536 761 2597 est'duobus
774 2545 805 2595 et
823 2536 896 2595 locis
909 2534 983 2594 mihi
996 2533 1156 2612 colligitur.
1197 2533 1314 2593 Primus

225 2613 354 2680 habetur
375 2619 480 2697 pagina
501 2620 651 2701 superiore
669 2619 717 2680 his
738 2620 846 2681 verbis.
888 2614 991 2699 ἐπειδή
1003 2614 1078 2682 κατὰ
1092 2615 1125 2680 ai
1140 2610 1235 2702 ‘euod-
1251 2616 1315 2689 ἔτος

226 2704 283 2763 τοῦ
295 2694 427 2781 κόσμον,
447 2698 522 2785 ὅπερ
542 2700 617 2765 κατὰ
630 2697 719 2767 τόνδε
732 2699 865 2784 ιῖιιριβοῖς
883 2702 959 2782 ἡμῖν
974 2698 1183 2780 duodennium
1201 2695 1314 2762 κανόνα

226 2788 271 2869 τῷ
293 2779 411 2864 salassi
429 2780 605 2869 Asiyosieaov
627 2789 777 2868 βασιλείας
794 2787 851 2850 ἔτει
871 2785 1037 2868 συντρέχει,
1065 2779 1134 2847 κατ’
1155 2781 1263 2857 ἄλλους
1280 2781 1314 2844 δὲ

227 2865 289 2933 tat
299 2862 515 2955 Ἀλεξανδρείας
529 2868 560 2943 ς’.
575 2868 609 2934 τιν’
626 2866 786 2954 λεγόμενον
798 2871 939 2946 Βίτεξτον
951 2868 1101 2951 προετέθη
1113 2864 1175 2932 elaad
1187 2861 1315 2951 Aipasi-

226 2955 474 3037 comitataeque.
517 2956 675 3016 Indubium
689 2967 733 3017 est
746 2965 846 3016 autem
858 2975 936 3016 anno
952 2954 1010 3016 illo
1023 2964 1122 3031 sexto,
1144 2961 1236 3033 prout
1247 2952 1316 3011 vult

225 3038 417 3116 Panodorus,
441 3042 605 3102 llissextum
622 3042 699 3101 diem
712 3042 749 3099 ab
765 3040 975 3101 Alexandrinis
995 3048 1195 3119 acceptatum:
1218 3057 1236 3095 a
1254 3035 1314 3093 du-

225 3120 276 3181 bio
295 3120 388 3197 igitur
407 3126 516 3202 procul
530 3133 574 3184 cst
588 3126 652 3203 ipso
674 3134 777 3203 captae
795 3123 990 3184 Alexandriae
1007 3144 1099 3199 anisa,
1122 3120 1174 3198 qui
1188 3118 1330 3194 Augusti·

227 3202 347 3285 quintus
368 3223 405 3263 sc
422 3206 553 3265 decimus
573 3218 762 3282 nurneratur,
786 3207 822 3264 ab
843 3206 952 3264 eisdem
968 3206 1000 3264 in
1014 3204 1086 3263 anui
1103 3203 1158 3263 uxi
1178 3203 1314 3263 ordinem

226 3288 319 3349 fuisse
333 3288 499 3363 admissum.
540 3290 659 3369 Legitur
671 3292 746 3350 alter
761 3309 828 3369 pag.
848 3293 921 3355 309.
943 3288 978 3349 A.
998 3281 1041 3369 ἦν
1052 3283 1215 3368 Ὀλυμπιᾶς
1230 3281 1313 3370 ρτιθ’.

232 3368 295 3449 “ase
308 3370 367 3456 ami
381 3368 416 3445 ς’.
433 3376 589 3439 καλανδῶν
601 3376 749 3455 Μαρτίων
761 3369 838 3437 κατὰ
848 3369 1005 3456 Ἀντιοχεῖς
1015 3367 1073 3437 κδ’.
1089 3371 1145 3436 tm
1161 3368 1254 3453 ἤχθη,
1269 3365 1315 3433 δι’

226 3398 267 3541 ie
290 3458 339 3523 tut
357 3464 419 3522 τοῖν
442 3460 528 3538 lellus
549 3458 643 3541 dulus
659 3460 725 3541 ἔστη
749 3456 767 3522 ό
786 3453 928 3531 ἐνιαυτός.
971 3458 1124 3539 Olympiae
1142 3461 1214 3523 189.
1237 3475 1316 3515 αιιιιο

227 3544 542 3605 secundumAuthoris
552 3548 701 3604 &nossem
716 3546 808 3612 5478.
823 3553 854 3604 et
867 3544 992 3623 Augusti
1007 3549 1057 3609 21.
1071 3540 1217 3621 incipieus
1235 3540 1316 3601 circa

228 3629 389 3689 solstitium
411 3629 571 3705 aestivum,
599 3650 709 3689 annum
731 3629 861 3709 primum
884 3631 923 3688 ad
936 3627 1016 3688 'anni
1038 3625 1188 3706 sequentis
1210 3622 1316 3683 mmsdi

228 3705 478 3781 nimirum5479.
495 3723 526 3772 et
538 3714 661 3792 Augusti
673 3720 723 3780 22.
737 3712 900 3772 solstitium
914 3712 998 3772 aliud
1013 3709 1175 3794 protrahit:
1197 3707 1315 3769 is'vero

228 3797 356 3875 Augusti
371 3818 467 3857 asssrus
492 3799 639 3858 secundus
661 3818 749 3877 supra
771 3796 947 3856 vicesimum
971 3806 1031 3874 est,
1059 3816 1119 3876 quo
1146 3794 1311 3853 bissextum
1328 3795 1360 3850 V.
1372 3792 1407 3851 71

229 3880 352 3958 Augusti
377 3890 407 3941 at
431 3882 614 3943 eruditorum
638 3890 719 3941 ¹nutu
742 3880 892 3940 tasnatum
914 3881 1041 3960 Georgia
1062 3899 1125 3941 non
1144 3878 1312 3939 reluctante

229 3966 332 4027 statuit
345 3965 535 4028 Panodorusa
556 3969 695 4029 universo
706 3966 809 4046 itaque
821 3974 998 4028 cunctorum
1017 3983 1179 4039 consensu,
1198 3971 1230 4023 et
1249 3981 1312 4025 non

228 4049 407 4112 infirmando
422 4070 478 4109 usu
494 4044 689 4111 cosnmuniter
702 4060 841 4131 acceptus
854 4050 929 4127 suit,
950 4050 1003 4128 qui
1020 4058 1132 4108 tantam
1153 4046 1237 4128 prius
1254 4045 1312 4106 iir-

210 4136 360 4198 mitatem
383 4152 443 4193 non
465 4136 635 4197 obtinuerat
654 4137 686 4196 in
706 4136 903 4195 eruditiorum
917 4135 1021 4195 animis
1036 4134 1177 4207 maxime,
1197 4129 1250 4210 qui
1272 4150 1311 4189 ex

230 4219 381 4304 plurium,
403 4235 491 4295 quam
513 4242 569 4300 par
589 4222 666 4281 foret
686 4220 800 4280 dierum
820 4219 1040 4281 intercalarium
1060 4215 1223 4277 adiectione
1239 4213 1311 4273 anni

230 4308 403 4382 dierumque
416 4304 550 4364 ordinem
572 4306 840 4367 animadverterent
852 4304 1005 4364 vitiatum:
1026 4323 1060 4363 eo
1082 4321 1153 4363 vero
1173 4297 1313 4375 Augustei

229 4389 347 4471 imperii
372 4406 449 4449 suno
475 4394 525 4457 22.
551 4400 690 4451 securata
713 4388 886 4451 recensione
912 4388 1060 4466 adhibita,
1090 4405 1160 4447 enus
1184 4384 1257 4445 suni
1276 4383 1334 4441 sb'
