3109 4959
276 417 353 493 426
643 419 992 494 EMENDATIOIOES

362 575 438 644 Οὔτε
462 574 537 643 eset
559 575 613 643 cdv
632 573 816 662 Ἀφρικανόν
837 603 889 660 μοι
908 577 1011 659 δοκεῖ]
1032 578 1099 640 Alio
1119 582 1297 643 numerandi
1315 584 1366 644 ris

276 667 350 728 milri
370 686 453 726 meris
475 663 617 725 Autboris
639 667 749 726 certius
769 666 928 744 colligitur.
972 666 1067 724 Duxit
1081 666 1161 725 liam
1176 668 1266 726 Iacob
1287 690 1366 730 anno

276 756 353 810 ritae
368 755 419 816 80.
433 751 571 826 ineunte,
594 769 632 808 ex
643 771 740 830 nuper
753 750 860 828 dictis,
881 761 961 810 etex
976 770 1011 809 eo
1024 752 1206 810 continuatis
1220 755 1365 831 partubus

274 837 330 895 sub
349 835 435 894 initio
453 835 584 913 coniugii
597 845 725 914 quotuor
743 835 854 895 liberos
872 835 1019 914 suscepit,
1039 837 1158 912 lluben,
1180 838 1365 916 Symeonem,

272 920 361 997 levi,
390 929 420 980 et
433 919 554 980 ludam:
582 924 767 1000 cessavitque
783 941 900 999 parere.
953 922 1059 980 Genea.
1073 926 1124 987 29.
1137 941 1167 984 v.
1186 922 1241 983 ult.
1259 922 1366 1002 loseplr

274 1026 345 1066 vero
361 1005 483 1065 nonnisi
496 1005 635 1064 undecim
653 1006 765 1065 exactis
784 1007 871 1064 annis
886 1004 1015 1065 venitin
1035 1007 1148 1082 lucem3
1176 1014 1242 1085 post
1261 1016 1366 1065 netum

273 1092 373 1170 itaque
393 1091 465 1150 Levi
486 1110 610 1165 novem,
631 1091 679 1152 vel
694 1091 732 1149 ad
752 1090 850 1150 minus
870 1090 956 1149 anuis
977 1099 1055 1154 octo.
1098 1089 1133 1148 ln
1152 1089 1292 1150 Autboris
1307 1090 1367 1149 oel-

274 1177 349 1236 culis
371 1175 448 1235 elius
468 1195 597 1234 errorem
621 1175 839 1252 manifestabit,
870 1194 909 1236 ex
931 1174 1063 1235 secunda
1089 1185 1158 1235 ente
1181 1185 1366 1255 praesentem

271 1271 358 1322 note:
379 1259 455 1320 mibi
469 1270 596 1320 mentem
613 1261 675 1319 eius
690 1260 807 1339 aperire
823 1260 864 1320 sit
875 1259 959 1324 setis.

354 1339 428 1406 'And
437 1337 530 1426 Ἀδοὲμ
544 1343 670 1425 soletum]
691 1347 733 1403 Ut
744 1345 834 1422 Levi,
853 1345 897 1404 ita
910 1355 941 1405 et
953 1342 1060 1424 losepb
1072 1342 1110 1403 ab
1121 1341 1235 1404 Adamo
1249 1343 1367 1404 soboles

271 1429 323 1498 24.
347 1438 535 1490 numeratur:
567 1431 620 1509 qui
643 1430 681 1488 ob
703 1430 814 1489 Csinan
838 1429 875 1489 eb
901 1425 1044 1490 Alricano
1065 1430 1274 1510 praeteritum,
1308 1428 1368 1510 ipsi

271 1514 359 1574 tertie
376 1534 466 1594 supro
489 1521 540 1580 20.
560 1523 740 1579 recensetur.
781 1515 914 1576 Observe
933 1514 1093 1598 γέννησιν,
1121 1512 1205 1574 beud
1226 1508 1368 1595 retectis

270 1598 323 1659 bic
334 1599 363 1657 le
382 1599 501 1658 endum.

355 1619 556 1765 deopopsdvet
567 1687 733 1766 προφανῶς
748 1683 799 1762 ἔτη
811 1676 872 1765 ρι’.]
893 1684 1020 1762 Propter
1035 1683 1178 1750 omissum
1196 1682 1309 1741 Cainen
1323 1682 1368 1740 iu·

272 1768 402 1844 niorem,
425 1770 461 1828 de
484 1789 544 1848 quo
565 1785 653 1850 supra
669 1790 731 1828 non
752 1789 831 1830 raro.
873 1770 1004 1845 Scaliger
1018 1769 1086 1827 Not.
1101 1787 1165 1847 pag.
1179 1771 1229 1833 23.
1245 1777 1275 1826 et
1297 1767 1368 1833 268.

200 1875 202 1881 ¹
271 1853 365 1912 Porro
386 1854 561 1926 Africanum
584 1877 601 1912 a
623 1853 750 1932 Georgio
766 1853 861 1934 probe
883 1855 1071 1913 contutatum
1089 1851 1220 1912 admittit
1237 1851 1368 1930 Scaliger

273 1939 371 2018 pagin.
386 1939 543 2000 Animadv.
558 1941 631 2006 258.

362 2027 410 2106 Τῷ
423 2017 475 2105 by'.
490 2023 547 2086 ἔτει
558 2029 615 2085 τοῦ
624 2015 754 2102 Ἰακώβ]
774 2020 863 2081 lncob
878 2024 929 2088 73.
943 2020 1024 2081 ritae
1034 2041 1114 2080 anno
1128 2017 1367 2101 Mesopotamiam

272 2105 435 2184 ingressum
465 2108 602 2188 superine
632 2117 778 2168 assertum
797 2116 856 2166 este
886 2106 993 2182 viginti
1013 2126 1084 2165 vero
1110 2105 1194 2164 annis
1217 2105 1277 2164 luit
1299 2121 1367 2161 cum

272 2192 373 2251 Labnn
387 2196 461 2251 Gen.
475 2196 528 2259 31.
539 2214 572 2254 v.
584 2195 636 2260 38.
652 2193 715 2252 eius
729 2192 830 2272 itaque
848 2191 971 2250 domum
984 2194 1037 2257 93.
1052 2189 1192 2251 deseruit.

357 2278 426 2355 Peg·
446 2284 516 2344 107.
539 2279 597 2351 Εἰς
611 2274 661 2341 sdv
675 2271 887 2358 ἱππόδρομον]
904 2274 1035 2356 prrsta
1048 2276 1082 2334 in
1093 2295 1151 2354 qua
1160 2270 1268 2331 Rachel
1277 2289 1366 2341 osor·

270 2368 324 2417 tua
338 2362 533 2438 Septuaginta
547 2362 789 2439 Hippodromum
803 2371 873 2421 sunt
887 2360 1084 2440 interpretati.
1119 2356 1319 2431 Hieronymus
1333 2353 1366 2411 in

272 2443 394 2516 Quaest.
421 2443 511 2523 Hebr,
530 2444 563 2502 in
587 2446 732 2503 Geneseos
748 2443 822 2502 boec
836 2443 935 2504 verbe.
978 2445 1017 2502 Et
1036 2443 1148 2501 sactum
1165 2447 1210 2497 est
1225 2458 1294 2496 cum
1313 2459 1367 2516 up.

271 2528 491 2610 propinquaret
506 2527 673 2600 chabratha
687 2526 718 2586 in
735 2537 815 2587 terre
832 2526 970 2585 Chenean
990 2536 1049 2587 etc.
1089 2523 1237 2597 Verbum,
1257 2522 1366 2601 inquit,

270 2614 459 2673 Hebraicuns
472 2628 551 2675 ntus
562 2615 595 2672 in
608 2612 856 2692 consequentibus
868 2610 922 2669 ubi
932 2610 1025 2669 *lacot
1036 2611 1174 2690 quuitur
1188 2606 1233 2666 ad
1245 2607 1367 2686 Ioseph:

272 2700 341 2777 Ego
362 2711 463 2758 aretem
484 2720 554 2758 eum
573 2700 702 2759 venirem
724 2695 761 2756 de
783 2699 1003 2776 Mesopotamia
1024 2697 1147 2773 Syriae,
1178 2704 1300 2752 mortius
1324 2703 1370 2750 est

272 2794 444 2843 matertere
466 2785 586 2844 Roolsel
606 2787 639 2843 in
657 2795 740 2842 terra
766 2783 931 2857 cleoneae,
954 2783 989 2839 in
1009 2782 1063 2839 eiu
1083 2776 1304 2859 Hippodromi,
1332 2788 1369 2836 ut

271 2871 402 2926 vernem
421 2869 580 2948 Ephrata:
606 2870 705 2927 nescio
728 2865 808 2946 quid
827 2867 956 2926 volentes
974 2864 1219 2944 ffippodromum
1237 2867 1370 2942 septua-

269 2955 362 3034 ginta
387 2953 563 3032 Interpretee
583 2953 822 3012 transtulerunt:
843 2962 871 3009 et
891 2953 998 3009 statim
1021 2952 1081 3025 idi,
1102 2951 1158 3010 ubi
1178 2952 1211 3008 in
1228 2949 1368 3008 Hebraeo

272 3036 404 3098 dicituro
430 3040 474 3098 Et
492 3038 672 3118 sepelierunt
692 3037 783 3095 illum
805 3039 840 3095 in
858 3039 914 3095 vio
933 3034 1093 3116 Epirota,
1118 3036 1195 3094 leaeo
1210 3045 1253 3092 est
1269 3033 1370 3094 Betis·

272 3122 385 3181 telem.-
408 3145 534 3183 rureum
552 3124 754 3204 Septuaginta
768 3143 828 3202 pro
844 3120 988 3201 Epicrate
1003 3130 1173 3200 posuerunt
1188 3117 1371 3200 Hippodro·

272 3227 376 3266 mum:
405 3231 475 3268 cum
496 3211 603 3290 utique
624 3211 655 3268 si
678 3205 855 3269 Chabrutlm
874 3203 1107 3285 fflppodromue
1129 3215 1193 3282 est,
1223 3205 1366 3284 Epicrate

271 3291 506 3370 Hippodromus
529 3317 591 3354 esse
611 3315 673 3354 non
691 3295 801 3375 possit.
848 3289 993 3354 bochoris
1013 3291 1105 3350 verbs
1122 3291 1215 3351 refert
1238 3288 1367 3364 Scaliger

294 3397 311 3433 e
331 3381 372 3438 in.
388 3379 460 3444 253.

272 3395 328 3457 ΡΒ
358 3456 427 3540 Teio
445 3458 577 3526 notorio
596 3466 711 3544 teipso
735 3465 791 3524 τοῦ
808 3458 896 3524 ὁσίου
918 3457 1116 3541 Χορὶτωνος.]
1142 3460 1185 3518 lle
1206 3451 1367 3514 Charitont

271 3544 519 3606 Monssteriorurn
537 3556 566 3606 et
586 3549 751 3608 Lauretum
769 3545 927 3606 conditore
946 3543 1033 3604 Pauli
1051 3544 1197 3604 Eremitae
1219 3536 1366 3616 discipulo

271 3631 426 3690 Meneeum
454 3632 633 3711 Septembris
656 3637 708 3699 28.
743 3633 839 3690 Laura
862 3629 1089 3690 coenobitarum
1116 3635 1146 3684 et
1169 3620 1366 3682 Eremitsrum

272 3717 367 3777 maius
379 3715 591 3776 Monosterium
608 3726 653 3775 est
667 3714 738 3779 oiosl
760 3721 890 3798 lodpoo,
913 3715 994 3792 epud
1009 3715 1152 3771 Graecoea
1179 3707 1282 3784 quales
1301 3707 1365 3766 fre·

273 3801 433 3881 quentibus
451 3797 604 3861 blonucbis
619 3802 718 3860 cultae
735 3810 853 3860 nostroe
868 3799 1043 3858 celebriores
1057 3790 1197 3852 Abbatiae
1209 3791 1243 3849 in
1258 3791 1365 3852 solitu.

272 3887 392 3947 dinibus
412 3895 577 3948 extructae.
619 3885 664 3943 lta
685 3886 816 3965 primum
841 3883 1023 3944 Palaestinae
1041 3875 1218 3935 Monesteria
1241 3897 1363 3937 nuncu·

178 3983 208 4037 v.
223 3979 259 4038 at
274 3982 343 4052 pata
363 3972 468 4033 audio:
497 3969 605 4032 exinde
623 3989 732 4048 nomen
756 3970 795 4029 ad
817 3969 874 4028 alia
896 3964 1082 4026 metatum.
1129 3961 1174 4021 lle·
1195 3959 1364 4022 Charitonis

272 4060 365 4117 Laura
384 4069 414 4118 et
431 4057 584 4118 Moneclrie
608 4073 671 4113 eam
691 4053 892 4115 incolentibus
910 4051 948 4110 ad
968 4047 1118 4108 Historiae
1139 4047 1251 4108 calcem
1266 4045 1364 4109 Tbeo·

272 4141 403 4223 phones,
425 4143 477 4203 ubi
493 4144 530 4203 de
547 4141 646 4201 Lauris
660 4138 772 4198 fusiora
787 4135 916 4196 Scholia.

353 4226 619 4293 Ἑπτπκαιδέκατον
639 4223 705 4296 ἔτος
724 4219 829 4304 ipen]
856 4217 1002 4278 Eusebius
1024 4215 1148 4276 lautius
1167 4213 1362 4276 sextumdeci-

273 4332 354 4371 mum
381 4304 507 4374 testntur
526 4324 600 4373 tuno
625 4309 723 4388 egisse.
772 4304 928 4386 Scriptura
950 4303 989 4362 de
1014 4302 1078 4362 eius
1103 4303 1229 4361 somniis
1246 4310 1277 4361 et
1296 4316 1360 4374 erga

274 4399 358 4457 illum
373 4401 465 4479 patris
479 4394 685 4458 benevolentis
697 4409 863 4453 sermonem
880 4389 1041 4449 instituens
1057 4388 1132 4450 Gen.
1147 4391 1199 4456 31.
1214 4381 1360 4446 sexdecim
