3109 4959
632 424 887 496 PRAEFATIO.
1256 412 1306 489 57

223 582 331 647 cellum
344 584 377 645 in
391 604 489 648 sscrss
502 583 642 663 imagines
657 577 814 666 σύμμαχον
826 582 973 643 Germano
987 581 1172 643 Petrisralrse
1186 600 1223 641 ex
1233 601 1309 662 pro·

222 669 305 729 missi
331 669 470 731 condicto
493 670 570 731 sedis
595 667 748 729 haeredem
776 666 910 727 instituit
937 666 1055 727 lssurus
1076 668 1152 727 Leo:
1184 686 1222 726 ex
1240 686 1309 745 quo,

221 774 309 831 reor,
331 755 457 832 fectum,
477 763 513 814 ut
533 752 690 832 syncellus
708 753 806 834 quiris
825 751 1033 826 renunciatus,
1056 752 1139 830 qussi
1153 750 1192 811 ad
1208 749 1307 830 digni-

222 848 311 899 tstsm
324 838 388 898 iure
401 846 582 919 comparato,
603 838 790 900 l’otriarcbao
807 856 959 897 successor
971 844 1202 913 exspectaretur.
1242 837 1308 895 Ex-

221 923 293 983 inde
305 923 473 1004 stephanus
488 924 594 982 Leonis
608 922 753 1003 sapientis
771 924 879 992 irater,
899 931 930 981 et
944 920 1041 979 Basilii
1057 920 1090 978 F.
1104 921 1137 978 in
1151 918 1247 980 Photii
1258 921 1309 980 lo-

223 1028 291 1068 cum
306 1009 500 1068 substitutus:
521 1005 762 1087 Theopbylsctus
780 1024 897 1086 quoque
912 1005 1035 1064 liomsni
1055 1005 1201 1084 [ecapeni
1219 1004 1309 1080 lilius,

221 1093 379 1172 syncellus
402 1092 572 1171 designatus
594 1092 747 1152 Nicolaum
775 1089 974 1151 Patrisrcbom
996 1090 1132 1169 excipere
1158 1088 1309 1168 sperabat:

221 1178 415 1256 demumque,
437 1188 471 1237 ut
484 1178 565 1257 apud
581 1178 741 1237 sarecenos
761 1174 900 1255 seripbes
915 1175 1057 1233 defuncto
1073 1172 1212 1253 caliphae
1236 1193 1309 1233 sur-

221 1270 356 1339 rogatus,
379 1260 423 1321 sic
444 1261 477 1321 in
492 1261 678 1323 Petrisrclrao
692 1262 794 1321 locum
810 1260 978 1341 prioribus,
1000 1260 1078 1318 circa
1098 1268 1235 1317 octsvum
1252 1257 1309 1316 sci-

221 1345 293 1404 licet
308 1356 338 1404 et
351 1366 478 1423 nonum,
499 1346 625 1407 sseoulis
642 1346 690 1426 (ut
708 1367 792 1407 nunc
810 1344 969 1404 Goadiutor
983 1340 1146 1426 Episcopo)
1164 1343 1197 1401 in
1215 1342 1310 1401 Patri·

223 1428 329 1489 archee
345 1432 457 1491 mortui
472 1432 571 1492 locum
588 1430 653 1513 (qui
667 1452 732 1492 rnos
747 1429 936 1511 sequentibus
950 1427 1134 1507 antiquatur)
1152 1428 1309 1507 syncellus

221 1514 410 1592 succedebam
440 1516 583 1596 inquiunt
605 1518 735 1577 Zonaras
757 1516 957 1576 etGeslrenus
974 1513 1013 1572 in‘
1028 1514 1223 1573 Constantino
1244 1512 1309 1571 blo-

221 1597 378 1659 nomuclro.
427 1601 560 1681 syncelli
581 1600 680 1681 plures
702 1599 861 1682 posteriori
880 1618 969 1676 aevo,
999 1598 1111 1659 smbito
1137 1618 1154 1655 s
1175 1596 1310 1678 pluribus

221 1683 354 1744 eiusdem
373 1684 523 1763 dignitatis
540 1685 669 1762 honore,
690 1687 782 1746 simul
802 1684 913 1759 creati,
934 1702 1095 1760 eorumque
1110 1681 1311 1741 nobilissimus

222 1764 500 1850 Πρωτοσῦγκελλος.
522 1780 685 1852 perpetuus
700 1768 887 1831 Patriarelsoe
900 1789 918 1825 u
932 1767 1046 1826 dextris
1058 1767 1136 1824 intcr
1148 1785 1230 1825 sacrs
1242 1765 1311 1822 mis.

222 1871 321 1913 sarum
346 1855 454 1914 assecla
477 1853 531 1934 ¹⁰),
560 1876 697 1915 curarum
724 1858 876 1925 levamen,
907 1861 992 1931 pater
1017 1871 1035 1907 a
1065 1848 1310 1918 confessionibus,
1402 1853 1405 1858 '

223 1937 406 2013 negotiorum
424 1959 458 1996 sc
468 1958 562 2017 prens
570 1940 662 1997 totius
678 1937 936 2016 onerisparticeps
953 1933 1131 2013 appellaturi
1154 1932 1239 1991 cuius
1254 1953 1311 2015 ps-

222 2018 298 2079 riter
314 2039 350 2078 sc
368 2022 518 2081 sociorum
540 2040 574 2080 eo
595 2021 742 2099 processit
763 2020 901 2094 ambitio,
922 2018 1008 2077 utin
1028 2017 1147 2098 publico
1163 2017 1312 2077 Ecclesiae

223 2123 363 2163 consessu
375 2105 571 2185 Metropolitis
585 2125 617 2164 se
634 2106 800 2186 praeferre,
821 2115 852 2165 et
867 2122 1037 2185 suprcmum
1053 2104 1151 2162 locuur
1167 2121 1312 2180 occupare

223 2208 287 2247 non
311 2188 372 2247 sint
388 2190 491 2249 veritis
512 2210 551 2249 ex
565 2210 624 2269 quo
636 2192 789 2250 confusam
811 2199 842 2250 et
854 2187 1057 2270 perturbatum
1071 2207 1156 2246 sscro
1171 2188 1312 2246 Penteco-

222 2282 282 2332 stes
302 2272 351 2332 die
366 2273 433 2333 sesti
448 2274 662 2335 solemnitatem
678 2275 773 2352 legere
789 2285 833 2333 ost
855 2272 936 2354 apud
955 2273 1122 2331 Cedrenum
1138 2271 1171 2329 iu
1186 2270 1312 2331 llomani

222 2358 331 2436 Argpri
356 2358 425 2420 vito.
472 2359 520 2419 Au
543 2360 637 2420 instar
660 2358 916 2433 Potriurclrarum‚
944 2356 1026 2417 hausi
1048 2356 1169 2437 imperii
1191 2356 1312 2435 quidem

223 2462 425 2519 successores,
450 2444 502 2503 sed
522 2444 636 2503 animas
657 2444 695 2504 ud
714 2446 855 2525 pictatem
879 2440 1099 2517 informandae,
1127 2449 1157 2501 et
1179 2440 1312 2500 consiliis

224 2525 331 2584 dandis
348 2526 487 2601 idoneos,
508 2529 755 2607 publicarumque
771 2549 871 2589 rerum
888 2529 1087 2586 moderatores
1102 2524 1311 2602 syncellorum

224 2608 367 2687 dignitate
383 2621 504 2670 ornatos
527 2612 675 2671 Praesules
694 2614 838 2690 quosdam
860 2611 916 2669 sibi
932 2610 1004 2667 olim
1019 2610 1213 2686 Imperatores
1231 2607 1312 2666 dele-

222 2713 308 2773 gerc3
331 2692 487 2772 dequibus
508 2695 658 2755 Gedrenus
672 2715 743 2753 mox
764 2698 871 2754 citutus
890 2702 1011 2752 armat:
1032 2690 1219 2769 dignissimas
1232 2711 1312 2770 quo-

224 2798 284 2859 que
304 2798 340 2837 sc
360 2777 470 2838 litteris
499 2779 716 2839 excultissimus
736 2776 951 2857 Protosyncelli
972 2796 1079 2835 nomen
1097 2795 1169 2857 prae
1188 2775 1312 2836 coeteris

155 2902 158 2909 ,
224 2862 373 2937 obtinuit3
403 2862 497 2941 quslis
522 2864 683 2942 Gregorius
702 2865 754 2924 ille
775 2866 813 2923 ds
833 2866 964 2923 liomaas
980 2860 1112 2921 Ecclesia
1127 2860 1206 2920 iuter
1221 2861 1314 2921 ardus

224 2948 345 3007 concilii
369 2946 533 3008 Florentini
552 2949 667 3027 negotis
686 2948 760 3009 bene
774 2948 899 3008 meritus
914 2945 1032 3007 loannis
1047 2945 1236 3027 Imperatoris
1244 2946 1313 3021 ,rs-

223 3032 350 3112 lseologi
364 3031 536 3112 spirituslis
556 3043 643 3115 peter
657 3028 896 3114 Πνενματικόςα
912 3032 1044 3092 l’lrrsnze
1062 3040 1091 3090 et
1103 3030 1314 3109 Protosyncel-

223 3112 272 3176 lus
288 3126 411 3178 vocotus
425 3116 474 3197 ¹¹).
516 3118 564 3179 Ex
578 3118 642 3179 istis
655 3138 711 3198 qua
728 3119 852 3191 laudum
865 3114 1059 3198 amplitudine
1070 3115 1315 3195 Protosyncellus

223 3210 326 3261 noster
347 3202 491 3280 Georgius
513 3212 652 3264 occurret
671 3202 942 3278 commendandus,
970 3200 1066 3277 (licat,
1088 3200 1139 3280 qui
1160 3198 1315 3276 sablimioe

223 3305 288 3345 rem
308 3287 429 3347 virtutis
451 3288 591 3365 gradum,
613 3287 721 3349 invicti
740 3289 831 3348 enimi
852 3285 1065 3361 constantium,
1087 3284 1225 3365 antiquae
1242 3282 1313 3344 fidoi

223 3369 397 3431 retinendus
412 3372 566 3451 ardorem,
587 3384 618 3435 et
636 3392 692 3454 pro
709 3374 810 3435 eadem
830 3372 889 3432 fids
909 3372 1035 3432 tolersts
1055 3370 1092 3428 sb
1111 3390 1147 3429 eo
1165 3376 1313 3430 tormento

224 3454 323 3517 minus
342 3454 432 3515 ducet
452 3458 637 3519 advertends.
679 3459 789 3519 Virum
810 3456 926 3517 difficili
946 3477 1003 3537 pro
1026 3454 1143 3521 tuendis
1166 3452 1314 3515 Ecclesiae

224 3537 361 3601 sensibus
375 3541 536 3603 certamine
551 3546 761 3623 perfunctum,
782 3553 812 3602 ot
825 3543 889 3602 eius
910 3540 948 3602 ob
961 3540 995 3600 id
1007 3539 1040 3599 ia
1055 3539 1187 3600 Ecclesia
1202 3540 1314 3599 Grsecs

224 3624 415 3703 (lignitatem,
443 3643 498 3685 ceu
522 3627 642 3690 virtutis
671 3628 851 3709 praemium,
872 3624 1045 3686 Anastasius
1061 3620 1313 3695 'Bibliothecarias

224 3707 471 3792 temporumuoius
487 3730 598 3791 suppar
618 3713 763 3794 scriptor,
787 3732 823 3771 sc
837 3709 967 3792 syncelli
983 3728 1077 3789 poene
1091 3717 1249 3790 perpetuus
1262 3706 1315 3765 in-

226 3800 338 3872 terpres
350 3794 489 3854 observet
507 3794 555 3854 bis
567 3798 676 3864 verbis.
719 3798 864 3877 Georgius
876 3793 919 3876 ¹¹)
941 3794 1033 3853 electo
1045 3796 1218 3854 Monostico
1238 3792 1313 3867 vito,

227 3877 395 3959 mundoque
413 3890 598 3960 contempto,
623 3882 738 3943 Christi
757 3904 789 3941 se
816 3882 876 3943 Ies'i
895 3884 969 3961 iugo
989 3890 1017 3939 et
1035 3882 1175 3947 carcinus
1193 3877 1314 3933 marsei·

221 3964 333 4037 pavits
347 3976 504 4042 praeterea
523 3976 628 4027 contra
650 3969 829 4026 Iloeretioos
853 3966 1015 4026 incessanti
1035 3985 1133 4043 ogone
1149 3957 1313 4038 desudans,

227 4044 333 4101 multis
355 4049 541 4129 verberibus,
570 4050 679 4111 muudi
699 4051 898 4129 Principibus
915 4060 1023 4113 contro
1044 4048 1196 4109 Ecclesiae
1218 4046 1314 4104 ritum

227 4130 441 4209 soeviustiius,
462 4134 648 4218 diversisque
665 4139 771 4216 poenis
784 4135 911 4217 affectus
925 4146 978 4195 est.
1020 4136 1072 4195 Sic
1086 4152 1156 4212 sigo
1168 4131 1318 4213 stigmata

264 4328 310 4399 10)
326 4328 633 4405 chrysostonimsurgis
646 4338 694 4390 sub
708 4334 817 4391 initium.
893 4336 941 4407 ll)
963 4337 1031 4395 bois
1049 4331 1149 4389 studii
1167 4337 1195 4388 el
1208 4331 1316 4389 eiuslsi·

299 4398 380 4454 storis
391 4416 435 4455 uss.
506 4404 552 4471 12)
568 4404 598 4458 lo
612 4405 722 4474 praeiet.
739 4405 799 4459 bist.
815 4403 906 4459 eccles
