3109 4959
574 421 632 488 nr
653 419 1005 492 annorsmonns.
1258 414 1330 489 tat
1393 517 1396 527 Ι

329 574 475 657 Ἀντίοχος
491 573 525 639 tt
540 571 768 659 Συρακούσιος]
789 577 1016 658 Antiquissima
1034 579 1165 660 scriptor
1181 589 1212 641 et
1233 581 1332 646 natus

248 662 393 725 duntaxat
411 681 558 722 annorum
574 662 716 724 centuriis
736 672 766 724 et
780 662 917 723 nonnihil
927 663 1053 744 amplius
1066 665 1159 724 Ilorna
1174 668 1331 746 posterior,

247 747 283 808 ele
299 746 393 825 ipsius
407 749 517 806 liomae
531 747 655 807 conditu
667 757 696 807 et
708 757 854 808 vetustate
867 749 1017 810 tractavit.
1050 749 1075 808 Δ
1088 751 1229 828 Diodoro,
1250 753 1331 812 Psu—

244 830 340 906 sauia,
369 831 512 912 loscplso,
542 831 646 910 quibus
665 833 742 892 addo
766 834 945 893 Clementem
971 833 1223 914 Alexandrinum,
1248 837 1330 917 sputi

244 913 383 975 Vossium
399 917 508 978 citatur
528 916 580 978 lib.
598 915 628 981 4.

330 998 477 1083 Τίμαιος.]
499 1001 546 1061 Ex
566 1000 681 1059 duobus
703 999 835 1059 nominis
849 999 937 1061 lanius
951 999 1126 1079 Historicis,
1146 1000 1198 1063 laic
1218 1022 1329 1063 secun·

244 1082 301 1144 clus
315 1093 376 1161 est,
394 1087 473 1166 apud
488 1085 625 1160 Suidam,
646 1085 671 1143 T
672 1085 868 1162 auromenius,
886 1105 987 1146 rerum
1000 1086 1168 1147 Italicorum
1180 1095 1210 1147 et
1222 1088 1329 1166 Olym-

242 1167 380 1246 picsrum
402 1171 539 1248 scriptor.
587 1169 720 1230 Eundem
739 1178 885 1230 memorat
904 1170 1009 1231 Strabo
1032 1171 1084 1232 lib.
1105 1172 1136 1237 4.
1159 1192 1223 1253 esp.
1245 1177 1278 1238 6.
1297 1181 1328 1232 ct

242 1251 435 1334 Theopompo
450 1253 549 1333 quoad
559 1255 676 1315 tabulas
692 1264 722 1313 ct
735 1256 893 1314 maledicta
910 1266 1061 1334 comparat
1076 1257 1176 1316 statim
1188 1255 1244 1317 sub
1257 1275 1328 1316 mn·

242 1336 321 1396 tilati
339 1338 389 1398 lib.
403 1345 430 1404 1.
446 1343 556 1399 strom.
571 1339 698 1402 initium.
730 1339 797 1398 Alia
812 1339 936 1400 Vossius
955 1341 1007 1399 lib.
1023 1347 1052 1405 1.

322 1417 453 1496 Λεύκιος
462 1422 499 1486 ’δὲ
512 1422 678 1505 limatior]
700 1421 760 1498 Qui
775 1423 860 1484 Livio
875 1424 987 1485 Lnoius
1002 1424 1128 1503 Cintius,
1150 1443 1252 1486 rerum
1263 1424 1329 1486 llo·

240 1525 395 1566 manarum
409 1509 540 1588 scriptor
552 1518 696 1567 vetustus.

325 1587 441 1669 Φάβιος
455 1591 489 1654 δὲ
507 1591 664 1671 Kotilion]
694 1591 801 1666 Quinti
821 1591 903 1651 Fabii
923 1591 1063 1669 Piderit,
1083 1591 1189 1653 Marcii
1209 1609 1328 1672 quoque

208 1732 210 1736 .
237 1672 337 1732 Porcii
359 1676 479 1734 Catonis
499 1678 698 1736 Romanorum
718 1676 875 1756 Originum
896 1676 1007 1755 libelli,
1034 1677 1087 1758 qui
1107 1696 1191 1738 nunc
1210 1685 1325 1748 extant,

236 1757 390 1816 mendacio
410 1759 485 1818 noti.
730 1783 732 1790 ·

304 1858 386 1934 mag.
408 1857 479 1924 194.
498 1853 688 1938 Ἐκτισμὲνης
708 1856 741 1918 δὲ
763 1862 818 1936 τῆς
836 1854 978 1942 πόλεως]
1005 1859 1052 1920 Ex
1076 1855 1201 1918 Diodori
1218 1857 1324 1933 sicuti,

236 1941 319 2000 cuins
334 1939 406 2000 haec
425 1942 457 2000 in
470 1942 557 2002 editis
567 1963 635 2002 -non
649 1951 753 2002 extant
765 1951 872 2005 mente.

322 2038 438 2124 Φάβιος
452 2042 471 2109 o‘
484 2039 536 2116 coir
546 2041 696 2124 Ῥωμαίων
708 2037 829 2122 πράξεις
837 2037 1042 2124 ciampinium]
1058 2041 1126 2102 Non
1137 2042 1322 2102 extsntlaseo

235 2127 317 2208 apud
339 2127 409 2186 Fab.
458 2129 604 2202 Quintum
632 2129 781 2187 Picto'rcm
803 2127 992 2203 Anniauum,
1018 2137 1048 2188 et
1069 2135 1188 2206 praeter
1200 2135 1323 2188 caetera

234 2211 405 2270 mendacem
421 2219 449 2269 ct
463 2213 688 2292 supposititium
702 2220 840 2288 arguunt.

316 2313 386 2388 Peg.
409 2312 478 2378 195.
505 2314 569 2372 Τοῦ
582 2307 615 2371 δὲ
629 2304 743 2390 κόσμου
758 2303 883 2393 ῥψμβ]
915 2307 1052 2370 Amulius
1078 2328 1202 2388 regnum
1221 2310 1321 2369 tenuit

233 2393 318 2454 annis
333 2397 386 2462 23.
402 2415 419 2451 a
433 2394 554 2454 condito
569 2393 710 2454 videlicet
721 2395 792 2454 orbe
807 2395 900 2461 4717.
915 2394 1061 2460 adlato.
1080 2413 1168 2474 quem
1181 2393 1321 2454 Numitor

231 2480 353 2540 fratrem
370 2477 521 2559 excipiens
539 2477 625 2538 annis
638 2477 754 2538 duobus
769 2479 924 2558 regnavit:
953 2478 1115 2561 Νομίτωρ,
1136 2472 1179 2550 ὥς
1194 2497 1253 2540 asos
1269 2479 1321 2540 to·

230 2569 294 2636 saei,
315 2561 365 2642 ἔτη
379 2557 436 2625 δύο
452 2560 524 2642 μετὰ
538 2557 695 2641 Ἀμούλιον
712 2563 797 2636 ἰδίως
808 2583 898 2643 supra
916 2585 946 2644 p.
960 2569 1031 2630 192.
1045 2563 1081 2622 A.
1103 2561 1236 2642 adeoque
1253 2561 1319 2622 tto-

230 2647 330 2708 anulua
345 2667 424 2707 anno
439 2648 532 2715 4742.
545 2647 672 2707 Romani
687 2646 805 2727 imperii
818 2647 921 2727 posuit
936 2648 1137 2708 fundamenta.

311 2743 402 2810 Kasai
414 2745 470 2828 sais
483 2742 612 2830 ἑβδόμην
625 2742 838 2828 Ώλυμπιᾶδα.]
866 2748 970 2829 Coepit
993 2748 1147 2828 Olympiae
1165 2747 1262 2827 prima
1277 2764 1316 2806 eac
1417 2766 1419 2771 ·

230 2830 372 2894 Authoria
388 2833 518 2910 calculo,
540 2841 570 2892 et
584 2841 618 2892 ut
631 2833 753 2892 inferius
773 2831 972 2906 declaramus,
996 2852 1075 2891 suno
1099 2831 1206 2890 mundi
1220 2831 1313 2897 4726.

230 2937 324 2996 aquo
342 2917 467 2997 septima
483 2917 629 2998 completa
643 2917 748 2977 mundi
765 2915 857 2982 4754.
881 2916 1016 2995 attingit5
1035 2916 1104 2976 Hoc
1122 2916 1216 2982 4754.
1236 2934 1316 2994 per-

229 3002 341 3080 spicuis
356 3012 387 3059 et
402 3003 548 3082 expremit
562 3001 660 3063 verbio
675 3002 785 3060 Romae
798 3001 950 3060 conditum
966 2999 1085 3063 Author
1099 3001 1239 3078 assignat,
1259 3017 1314 3059 se·

228 3085 338 3165 ptimae
361 3086 546 3164 Olympiadis
563 3104 641 3146 anno
661 3095 766 3166 quarto
790 3095 933 3162 exeunte,
954 3085 1090 3147 Romulei
1115 3084 1198 3162 regni
1222 3082 1312 3142 tertio

229 3168 345 3229 decimo
362 3170 473 3248 pariter
488 3170 658 3249 incipiente.

300 3264 387 3344 Ἥτις
407 3275 469 3342 τοῖς
491 3266 606 3350 χρόνοις
617 3267 712 3348 ’Ἀχαξ
728 3267 900 3349 συντρέχει]
924 3266 1258 3343 Obtinuitilleregnnm
1272 3262 1311 3322 sb
1433 3282 1434 3286 ¹

228 3353 299 3414 orbe
312 3364 410 3414 creato
425 3373 502 3412 anno
511 3355 603 3420 4750.
625 3352 729 3412 Annus
744 3373 834 3432 porro
849 3350 953 3410 mundi
964 3351 1057 3418 4752.
1072 3351 1125 3430 qui
1135 3349 1236 3410 achaz
1249 3358 1312 3409 ter·

227 3439 305 3515 tius,
326 3437 529 3519 Olympiadem
551 3446 684 3497 octavam
709 3435 843 3495 nondum
865 3434 1001 3512 attingit,
1024 3435 1076 3496 sed
1094 3435 1235 3515 septimas
1252 3453 1310 3492 sn·

227 3543 300 3583 num
313 3525 476 3584 secundum
490 3528 660 3595 exeuntem,
682 3529 711 3578 et
722 3519 929 3578 succedentem
946 3519 1086 3579 tertium:
1108 3539 1200 3598 quare
1217 3516 1310 3579 verbs

212 3605 300 3683 tna,
317 3603 356 3688 ἢ,
377 3603 420 3682 o‘ir
431 3629 522 3683 τινες,
544 3601 618 3668 succi
634 3600 690 3684 τὴν
709 3596 834 3684 ὀγδόην,
854 3603 1024 3683 parenthesi
1037 3603 1252 3678 includuntur,
1272 3609 1310 3661 ut

225 3693 378 3768 sequentia
397 3688 463 3768 ἥτις
483 3696 544 3762 τοῖς
563 3683 682 3770 χρόνοις
691 3685 784 3768 ’Ἄχας
799 3688 962 3769 συντρέχει,
984 3688 1023 3748 od
1034 3687 1241 3768 praecedentis
1254 3707 1309 3746 su·

168 3805 171 3810 ·
224 3769 262 3833 ari
274 3771 330 3851 cais
344 3773 477 3856 ἑβδόμην
488 3767 672 3854 Ὀλυμπιάδα
685 3773 939 3854 reserripossint,
960 3783 990 3832 et
1010 3773 1123 3852 pariter
1140 3772 1179 3832 sd
1195 3789 1308 3830 annum

224 3855 323 3916 lichaz
339 3863 371 3922 3.
390 3871 420 3918 et
435 3883 453 3918 a
465 3859 568 3919 mundi
582 3857 707 3918 conditu
721 3859 813 3924 4762.
835 3857 894 3916 nisi
909 3859 988 3916 sorte
1005 3852 1111 3939 Ιδψνὸ.
1126 3877 1184 3935 quo
1197 3856 1308 3934 Olym-

223 3939 288 4023 pias
304 3945 333 4005 8.
347 3942 433 4024 iniit,
453 3942 657 4024 reponendum
671 3941 829 4004 decernas:
851 3941 933 4020 quod
952 3939 1025 4000 mihi
1041 3938 1231 4002 verisimilius
1248 3959 1306 4019 up·
1320 3947 1349 4004 Ρ.
1366 3946 1401 4004 st

223 4033 316 4107 paret.
346 4025 405 4084 Ex
428 4047 530 4087 eorum
549 4047 639 4108 porro
660 4027 801 4098 calculis,
823 4027 874 4104 qui
894 4024 1056 4085 Numitoris
1075 4045 1169 4085 annos
1183 4027 1307 4086 noluere

224 4119 291 4191 post
309 4109 419 4168 Amulii
433 4131 555 4186 regnum
569 4111 745 4180 recensitos,
767 4111 888 4170 Romuli
906 4129 1030 4188 regnum
1049 4109 1128 4170 binio
1140 4110 1224 4169 annis
1240 4129 1305 4188 po-

223 4194 283 4255 tuit
294 4193 431 4252 incanus
446 4195 562 4256 Author
574 4195 773 4270 antevenisse,
791 4204 821 4254 et
835 4196 959 4254 Romam
971 4194 1105 4270 subinde,
1119 4214 1180 4254 non
1194 4183 1303 4277 ,δψνόἲ

223 4279 276 4340 sed
291 4271 396 4364 ,δψνβ
411 4279 565 4338 conditum
582 4291 699 4340 errante
712 4280 792 4358 stylo
806 4279 917 4339 testari.

308 4362 369 4426 Καὶ
381 4365 421 4448 τῷ
435 4356 556 4447 ‘iopam
577 4365 739 4426 Numerum
756 4363 838 4424 huuc
859 4362 985 4442 requirit
1002 4371 1102 4424 textus
1124 4361 1303 4436 emendatur,
