3109 4959
585 393 894 473 DISSERTATIO.
1241 389 1285 461 11

200 555 303 620 laudea
325 555 453 638 Georgia
470 566 576 618 nostro
595 558 726 617 tribuere
740 579 912 637 possumus,
932 558 1040 639 quibus
1054 556 1184 637 Scaliger
1195 557 1289 621 Euse-

138 702 139 705 ,
201 644 280 708 bium
306 645 483 722 accumulat.
524 640 635 703 Omnes
656 644 717 703 lere
731 645 906 722 scriptores,
930 646 1073 723 equibus
1088 666 1135 705 res
1149 654 1245 721 gestae
1259 654 1291 705 et

199 727 348 811 finitiones
361 738 529 807 temporum
545 727 644 807 colligi
657 737 805 807 poterant,
826 738 1028 806 perscrutatus
1042 739 1100 806 est;
1120 729 1218 790 varias
1230 749 1290 789 me-

199 812 294 873 tiendi
305 812 448 892 temporis
462 812 591 873 rationes
607 812 764 891 diligenter
776 815 856 874 inter
870 833 902 872 se
917 814 1059 888 contidit,
1080 834 1176 891 neque
1184 815 1292 873 imme·

198 897 259 957 rito
276 916 294 955 a
308 894 488 977 Theophane
498 906 659 956 coaetaneo
670 896 933 975 πολυμαθέστατος
943 898 1092 961 laudatur.
1125 899 1168 957 Nc
1181 909 1291 972 autem,

200 978 283 1060 quod
295 1000 399 1041 rerum
414 991 469 1056 est,
492 981 692 1053 dissimulem:
714 982 831 1041 loborat
844 984 988 1061 Georgius
1000 983 1074 1042 vitio
1085 983 1215 1041 omnium
1229 985 1293 1043 fera

200 1063 436 1126 Christianorum
456 1065 668 1125 historicorum
677 1110 686 1142 ,
715 1066 769 1144 qui
785 1067 957 1128 historicam
972 1078 1065 1127 artem
1080 1068 1142 1127 sere
1158 1077 1293 1127 contem·

199 1159 305 1211 nentes
327 1152 405 1211 exile
424 1150 575 1230 quoddam
597 1148 745 1229 nimiaque
762 1152 877 1211 siccum
888 1153 1062 1212 scribendae
1080 1151 1221 1211 historiae
1241 1172 1294 1230 ge-

198 1254 257 1295 nus
269 1235 387 1314 sequuti
402 1245 487 1311 sunt,
508 1235 550 1295 ita
565 1243 613 1312 ut,
636 1234 778 1316 quicquid
792 1236 842 1295 vel
855 1236 889 1295 in
903 1235 1065 1297 bocillovo
1080 1236 1159 1297 libro
1180 1257 1296 1297 memo·

198 1319 293 1379 rabile
313 1320 468 1399 legissent,
490 1320 682 1395 adnotarent,
703 1320 807 1401 paucis
828 1321 1045 1402 utplurimum
1061 1321 1177 1397 verbis,
1198 1322 1296 1381 rarius

200 1402 343 1485 (maxime
359 1406 391 1463 in
412 1405 530 1465 ludaico
543 1402 683 1486 historia)
706 1425 773 1466 cum
788 1404 885 1485 aliqua
898 1406 1109 1466 adiuncturum
1124 1424 1297 1465 causarum·

199 1508 257 1569 quc
278 1490 468 1565 recensione,
498 1491 595 1551 omnis
612 1489 726 1569 generis
750 1510 798 1550 res
817 1492 991 1567 miscentes,
1015 1511 1072 1550 nec
1094 1490 1182 1550 facile
1201 1490 1296 1549 alium

198 1573 335 1634 ordinem
351 1583 512 1651 servantes,
534 1595 621 1655 quam
638 1595 726 1654 quem
741 1576 791 1635 vel
806 1584 922 1654 tempus
933 1575 984 1634 vel
999 1576 1133 1655 exempla
1148 1596 1200 1634 sua
1213 1593 1299 1655 prae·

196 1658 307 1719 hebent
319 1656 355 1741 ³).
399 1660 544 1738 Georgius
564 1660 701 1741 inprimis
722 1659 834 1719 nimius
858 1658 958 1717 estin
981 1658 1086 1717 iisdem
1107 1660 1217 1717 iterum
1238 1659 1299 1719 ita·

195 1763 324 1822 numque
342 1745 526 1824 repetendis,
547 1746 674 1805 maxime
687 1744 721 1801 in
733 1743 1003 1823 vituperationibus
1016 1742 1144 1802 aliorum
1157 1742 1299 1803 Chrono-

195 1826 397 1909 grapborum,
421 1839 508 1907 atque
528 1828 562 1887 iu
581 1828 762 1910 perturbatis
785 1848 931 1888 annorum
948 1826 1079 1888 numeris
1092 1828 1300 1907 erroribusque

195 1913 407 1989 librariorum,
428 1912 564 1993 quamvis
584 1914 721 1993 paginam
746 1914 845 1995 pperis
860 1913 1049 1988 vitiantibus,
1070 1931 1158 1993 saepe
1176 1911 1300 1971 difficile

197 2007 245 2057 est
257 1997 434 2074 diiudicata,
457 1998 716 2077 contradictiones,
731 1990 807 2079 quae
819 2007 991 2075 occurrunt,
1012 2006 1115 2057 utrum
1128 1997 1245 2058 auctori
1259 2016 1300 2055 an

195 2080 322 2141 librario
350 2080 549 2161 iniungendae
573 2084 642 2143 sint.
668 2115 712 2132 -··
739 2085 837 2143 Labor
859 2102 932 2144 vero
959 2081 1042 2141 band
1064 2082 1214 2142 iucundus
1244 2089 1299 2158 est,

195 2166 233 2225 in
246 2166 325 2226 libro
337 2166 463 2245 legendo
478 2168 598 2245 librum,
617 2189 706 2251 quem
717 2168 849 2239 lecturus
863 2188 932 2244 es,e
947 2166 1065 2239 litteris,
1076 2166 1210 2247 syllabis,
1229 2186 1300 2227 vorb

194 2249 245 2311 bis
265 2252 456 2333 numerisque
475 2254 627 2335 comuptis
649 2254 822 2315 restituere:
843 2252 877 2314 id
896 2253 979 2333 quod
996 2254 1030 2311 in
1048 2252 1175 2330 Georgio
1192 2260 1298 2311 nostro

196 2336 313 2416 saepius
336 2336 402 2398 fieri
420 2357 540 2399 necesse
561 2349 614 2403 est.
638 2372 682 2387 -
713 2341 817 2401 Goaro
840 2338 933 2418 igitur
953 2339 1063 2415 gratias
1084 2336 1194 2408 babere
1208 2336 1300 2396 deba-

195 2439 265 2480 mus
274 2464 284 2496 ,
306 2420 387 2499 quod
406 2421 540 2483 laborem
556 2422 891 2485 molestissimumlranc
903 2420 1172 2502 chronographiam
1186 2419 1301 2481 descri-
1406 2470 1408 2475 .

194 2504 290 2570 bendi
303 2505 470 2587 edendique
485 2529 547 2568 non
559 2510 722 2576 recusavit.
756 2509 866 2571 Multos
878 2528 1019 2568 numeros
1035 2505 1178 2581 correxit,
1197 2503 1300 2564 multis

194 2588 276 2651 locis
291 2608 412 2650 sensum
425 2591 570 2667 reddidit,
589 2604 628 2670 et,
650 2594 733 2675 quasi
749 2593 910 2675 pugnando
927 2592 1078 2668 ingenium
1090 2591 1155 2649 eius
1171 2590 1301 2647 maxima

157 2720 162 2727 .
196 2674 365 2752 excitetur,
386 2674 420 2734 in
437 2675 474 2735 iis
488 2677 563 2736 loeis
575 2698 661 2757 saepe
672 2698 777 2739 verum
791 2676 922 2754 tetigisse
935 2675 1074 2749 videtur,
1095 2674 1129 2733 in
1145 2673 1253 2753 quibus
1267 2670 1302 2732 in

196 2759 343 2840 Scaligeri
360 2760 562 2838 temeritatem
579 2762 712 2836 invehit3
736 2781 917 2841 quamquam
931 2760 1083 2819 interdum
1097 2778 1218 2839 quoque
1234 2766 1302 2824 stu·v

196 2844 253 2904 dio
272 2864 326 2905 sno
345 2856 538 2927 praereptus,
559 2867 664 2909 verum
689 2848 771 2927 quod
793 2846 923 2924 Scaliger
943 2845 1114 2919 invenerat,
1135 2865 1198 2904 non
1211 2842 1302 2906 vidit.
1416 2870 1422 2889 =

196 2929 244 2986 Ut
265 2930 343 2988 enim
355 2930 483 3009 ingenue
497 2933 606 3009 fatear,
628 2933 709 3014 quod
721 2932 831 2993 sentio:
853 2929 985 3008 Scaliger
1002 2929 1120 3009 quidem
1136 2928 1241 2988 nimius
1257 2936 1304 2988 est

198 3020 232 3071 et
243 3010 277 3069 in
291 3013 418 3077 Eusebio
430 3016 581 3078 laudando
595 3019 672 3079 etin
687 3017 814 3096 Georgia
829 3014 1043 3097 vituperando,
1066 3014 1216 3091 ingenium
1229 3031 1302 3072 vero

197 3095 428 3179 doctrinamque
447 3102 600 3182 Scaliger-i,
622 3103 750 3163 maxime
767 3102 802 3161 in
818 3101 906 3160 rebus
924 3097 1163 3177 chronologicis,
1186 3098 1303 3157 Goarus

195 3180 294 3259 longo
316 3182 412 3261 spatio
433 3204 495 3245 non
511 3198 687 3266 assequutus
707 3196 769 3265 est,
791 3187 942 3265 aliumque
955 3183 1115 3263 Georgium
1128 3182 1303 3259 legeremus,

195 3264 359 3328 nonnullis
373 3266 490 3344 quidem
507 3272 632 3332 fortasse
641 3272 675 3331 in
687 3272 764 3333 locis
777 3271 841 3343 acri
855 3270 979 3330 audacia
996 3267 1180 3345 castigatum,
1195 3266 1221 3325 si
1233 3269 1304 3326 Sca-

194 3351 278 3432 liger
298 3358 399 3409 totum
422 3350 570 3413 edidisset.
613 3357 754 3417 Conferre
770 3356 857 3432 loca,
879 3374 953 3436 quse
967 3352 1117 3413 Chronico
1133 3350 1302 3411 Eusebiano

196 3445 232 3497 et
245 3434 329 3496 notis
339 3434 481 3496 inseruit:
503 3436 624 3520 (gratian
639 3440 778 3500 debemus
792 3434 908 3515 Goaro,
929 3437 1011 3518 quod
1024 3435 1146 3516 paginas
1155 3435 1304 3497 ¹chronici
1423 3469 1425 3472 ·

195 3520 361 3585 Eusebiani
381 3520 505 3599 adiecit,
526 3524 679 3602 inquibus
700 3525 865 3604 Georgiana
878 3518 1031 3603 leguntur)
1050 3521 1240 3601 dolebisque,
1260 3521 1304 3579 its

196 3613 382 3667 exornatum
396 3614 493 3666 totum
508 3608 651 3669 volumen
664 3628 725 3669 non
739 3609 896 3690 prodiisse.
913 3640 954 3653 -
971 3606 1083 3667 Partim
1096 3616 1222 3688 atquae
1236 3602 1314 3664 dixi'

195 3691 342 3770 probem,
363 3691 473 3773 partim
487 3701 523 3753 ut
540 3692 732 3753 conniventia
746 3694 894 3753 lectorum
907 3691 1015 3771 dignus
1033 3691 1154 3767 videar,
1183 3692 1210 3751 si
1225 3687 1303 3748 nibil

196 3774 279 3831 certi
290 3784 420 3836 statuere
432 3784 537 3857 potero
551 3786 604 3839 aut
615 3778 643 3838 si
657 3775 837 3854 coniecturis
852 3770 1032 3857 indulgebo,
1052 3797 1092 3839 ex
1105 3776 1180 3858 ipsis
1195 3772 1303 3855 primis

195 3856 318 3939 paginis
334 3861 402 3921 loca
417 3862 563 3942 quaedam
578 3874 719 3947 corrupta
736 3882 896 3946 excerpere
910 3863 1011 3924 liceat.

287 3957 355 4039 lpse
372 3963 469 4042 prima
490 3966 583 4028 verba
603 3965 745 4028 Ghronici
768 3988 800 4047 p.
819 3971 848 4033 1.
871 3964 909 4026 ab
931 3964 1047 4025 editore
1068 3982 1132 4024 non
1151 3958 1302 4020 intellecta

197 4058 285 4118 asse,
307 4052 338 4102 et
352 4044 555 4131 interpunctio
567 4061 598 4112 et
612 4052 710 4113 versio
731 4047 825 4112 latina
845 4051 971 4112 docent:
992 4058 1064 4131 post
1081 4040 1224 4126 παρήχθη
1238 4064 1301 4105 non

196 4126 443 4212 interpungitm
457 4146 488 4197 et
499 4136 534 4197 in
544 4137 683 4201 versione
692 4138 851 4218 leguntur:
864 4135 1005 4215 „isocen
1015 4129 1212 4215 principium
1226 4128 1301 4208 dise,

236 4308 544 4451 ”dgfffflfflffi
558 4319 688 4377 cnonas
699 4318 867 4377 nomana
891 4316 994 4374 rear
1015 4331 1044 4387 a.
1057 4312 1162 4372 1-72
1185 4311 1302 4385 (rane
1370 4426 1372 4430 Ι
