3109 4959
577 444 932 519 inrorarronas.
1174 532 1177 538 ¹
1225 433 1303 513 ose

208 608 262 689 git.
303 604 385 667 Haec
411 604 449 667 do
474 604 637 687 Nicephori
662 616 796 687 tempore
815 606 948 667 breviter
968 605 1008 667 ad
1029 605 1099 668 eins
1119 604 1302 668 breviarium

87 756 90 761 ,
210 691 390 770 chronolog.
412 700 492 771 gesta
507 694 559 772 qui
574 692 658 752 volet
678 691 807 772 amplius
825 690 952 750 deducta
967 692 1089 752 Surium
1100 692 1170 752 loco
1186 712 1304 753 memo-

208 785 294 853 rato,
314 768 468 837 Menaeunr
494 778 532 835 ad
554 780 605 843 18.
626 776 728 837 Martii
751 786 781 836 et
800 776 878 850 lunii
898 775 1011 857 pariter
1035 781 1084 843 10.
1106 778 1303 853 Arrestsaium,

209 860 392 939 Cedrenum,
423 864 569 921 Zonaram
593 862 702 938 adibit,
731 870 761 922 et
782 859 994 940 Theophanem
1015 860 1188 942 propediem
1206 862 1304 922 lucem

209 955 413 1026 aspectum,
435 955 465 1005 et
482 947 632 1028 prolixam
655 948 717 1005 eius
740 944 897 1006 historiam
922 946 1045 1026 reliquis
1068 946 1205 1026 operibus
1228 968 1246 1007 a
1269 948 1304 1012 Ρ.

207 1028 314 1091 Frena.
338 1030 484 1091 Combefia
502 1031 571 1092 data
594 1031 689 1112 pracli
710 1032 935 1112 opportunitate
953 1031 1200 1112 praemittendam
1216 1050 1306 1111 prae-

207 1114 376 1175 stolabitur.
419 1116 510 1188 Quod
529 1116 568 1176 ad
589 1117 706 1176 notiora
727 1126 757 1175 ct
777 1116 960 1191 recentiora,
989 1116 1093 1176 Vossio
1112 1115 1306 1193 chronogra-

207 1198 330 1281 phicum
343 1198 574 1281 hocNicephori
589 1202 768 1283 opusculum
784 1201 821 1260 ab
837 1200 991 1260 Anastasio
1003 1200 1233 1260 bibliothecario
1245 1202 1306 1259 La-

207 1285 271 1345 tine
283 1283 319 1343 ab
335 1286 457 1366 antiquo
471 1285 625 1347 redditum
638 1284 792 1347 assentior.
822 1282 910 1346 Dedit
924 1287 1032 1346 iterum
1047 1285 1166 1346 Author
1180 1286 1305 1345 bliscel-
1321 1286 1354 1342 P.
1367 1285 1402 1343 86

207 1369 269 1429 lae:
298 1369 465 1429 loaclrimus
487 1372 688 1448 Camerarius,
715 1381 746 1431 ot
772 1372 1023 1431 Commentariun
1041 1371 1168 1432 addidit.
1202 1372 1307 1432 Parem

207 1453 357 1516 Antonius
376 1454 501 1515 Contius
520 1456 599 1517 circa
612 1451 887 1536 opusculum'idem
905 1456 1143 1516 accommodavit
1162 1475 1263 1515 curam
1278 1464 1308 1517 ct

206 1538 355 1599 laborem:
378 1541 490 1600 Graece
505 1541 672 1619 divulgavit
686 1539 831 1621 Iosephus
845 1541 977 1619 Scaliger
991 1542 1024 1601 in
1036 1542 1216 1620 Temporum
1225 1540 1308 1601 The-

208 1643 316 1700 saur05
338 1622 376 1683 ad
398 1645 526 1705 quorum
550 1626 696 1687 editiones
716 1625 796 1685 hanc
816 1647 834 1684 a
847 1647 895 1685 me
915 1636 1131 1706 comparatam,
1154 1635 1183 1685 et
1197 1626 1235 1686 ad
1249 1646 1308 1685 cu·
1426 1629 1430 1633 ’

148 1764 149 1767 ,
208 1708 326 1768 mulum
340 1711 526 1787 accedentem
541 1711 696 1789 nubiuago.
718 1711 821 1770 Titulo
835 1732 927 1791 porro
943 1712 1061 1771 additae
1074 1710 1220 1770 dictiones
1235 1712 1307 1789 pri·-

208 1810 275 1851 rnae
297 1791 413 1852 deiide
433 1813 501 1870 erga
522 1796 583 1854 MS.
604 1796 750 1855 servanda
776 1795 852 1855 nihil
872 1795 1050 1866 detrahunt,
1079 1805 1145 1853 tuna
1165 1796 1247 1871 quod
1268 1795 1305 1853 ab

209 1873 314 1935 alienis
333 1876 427 1937 sulcat
443 1878 550 1937 titulus
570 1880 696 1957 apponi,
718 1889 782 1937 tum
803 1881 886 1959 quod
905 1879 1074 1960 Nicephoro
1097 1877 1231 1937 debitum
1246 1876 1306 1938 lro·

207 1980 313 2022 norem
327 1962 488 2043 praeterire
504 1962 645 2022 caverint.
1316 2021 1318 2024 .

291 2039 384 2126 Ἑνώχ
395 2042 552 2132 γενόμενος
564 2046 660 2128 troia]
678 2047 851 2108 Obliteratis
867 2048 900 2106 in
915 2046 977 2109 blS.
997 2044 1103 2107 Enoch
1120 2046 1206 2105 annis
1222 2048 1305 2107 locus
1339 2043 1341 2046 ’

210 2150 314 2193 corum
328 2132 449 2211 punctis
466 2132 677 2193 internotatur.
699 2127 773 2215 ρξβ’.
795 2134 883 2215 posui
894 2133 925 2191 in
943 2136 1088 2211 margine,
1111 2141 1183 2209 quot
1197 2131 1306 2198 editio-

209 2214 258 2275 nis
281 2216 385 2292 Regiae
407 2217 589 2277 Anastasius.
625 2218 797 2278 correctior
818 2228 918 2277 tamen
939 2228 983 2277 est
1004 2215 1173 2294 marginalis
1192 2216 1254 2275 eius
1276 2226 1307 2277 et

209 2298 360 2359 miscellae
374 2300 463 2359 lectio
480 2302 549 2366 165.
575 2320 665 2381 quana
681 2302 796 2382 paritcr
810 2302 934 2359 Contius
948 2301 1084 2361 exhibete
1105 2302 1238 2361 Erronea
1250 2321 1306 2381 pe·

210 2378 515 2464 nitusScaligeripr'.
574 2409 579 2416 ·
884 2376 889 2387 ⁸

243 2541 244 2544 Ἴ
294 2462 780 2549 Paa.396.1<auteodao'.tra
805 2463 923 2555 pappi]
947 2471 1097 2530 Summam
1118 2468 1197 2529 hanc
1217 2468 1307 2529 Nice-

209 2551 387 2637 phorianarn
403 2554 528 2615 Contine
549 2565 649 2615 censet
671 2554 885 2615 emendandam
899 2554 932 2613 in
947 2556 1070 2621 alteram
1084 2576 1158 2634 quae
1180 2576 1218 2614 ex
1240 2555 1309 2614 sin-

210 2640 288 2718 gulis
301 2637 481 2700 Gencarchis
496 2640 649 2719 consurgit
662 2635 762 2723 pisid.
783 2660 822 2699 ne
835 2648 906 2719 post
922 2640 1085 2714 diluvium,
1106 2642 1219 2717 inquit,
1241 2640 1309 2697 bla-

209 2722 326 2785 thusala
339 2724 476 2785 videatur
485 2734 633 2787 mortuus.
656 2727 749 2785 Prave
762 2726 813 2785 vel
828 2733 909 2784 recte
920 2726 963 2783 ita
978 2723 1104 2783 senserit
1111 2723 1307 2803 lliccplrorus,

210 2830 274 2870 nou
297 2796 441 2869 discutio:
463 2810 507 2869 itu
528 2810 683 2891 scripsisse
697 2832 734 2869 cx
748 2810 881 2888 legendis
903 2829 970 2889 pag.
991 2809 1062 2874 404.
1083 2808 1117 2892 A,
1140 2808 1306 2883 contend03

211 2915 270 2972 qua
290 2895 441 2954 diluvium
461 2896 498 2955 ad
522 2916 633 2954 annum
648 2918 665 2954 a
679 2894 785 2955 mundi
797 2891 926 2953 vconditu
947 2894 1040 2960 2242.
1061 2892 1141 2971 figit,
1163 2902 1193 2951 ct
1212 2914 1309 2953 annos

209 2989 292 3039 retro
310 2980 402 3046 2242.
422 2979 528 3061 positis
546 2980 585 3042 ad
603 2981 712 3039 turrim
726 2979 938 3059 Babylonicum
955 2983 1027 3044 525.
1041 2988 1107 3037 tuna
1122 2977 1161 3036 ad
1174 2978 1310 3039 Abrahae

211 3063 380 3123 dimidiatas
399 3065 537 3125 victimas
556 3065 622 3125 aliis
639 3066 711 3131 425.
731 3074 760 3125 et
782 3064 902 3124 tandem
916 3062 954 3121 ad
967 3062 1127 3121 Abralrarni
1140 3062 1219 3122 diem
1233 3064 1309 3123 ulti·

210 3166 292 3207 mum
310 3146 398 3206 annis
412 3153 465 3216 76.
482 3170 626 3211 aumrnam
640 3153 733 3216 3268.
752 3151 840 3209 nullo
854 3148 973 3226 negotio
987 3147 1111 3222 colligit.

297 3235 419 3293 Καϊνᾶν
442 3230 603 3314 γενόμενος
627 3234 703 3297 ἐτῶν
725 3230 817 3318 ρλγ’.]
848 3230 1020 3293 Anastasius
1040 3230 1159 3308 llrgius.
1188 3224 1309 3291 Curium

207 3318 319 3397 sactus
332 3336 484 3385 annorum
498 3328 616 3376 centnm
633 3320 772 3395 triginta.
795 3317 895 3375 Contii
908 3326 938 3375 ct
950 3316 1099 3375 bliscellae
1113 3315 1212 3375 lectio.
1236 3312 1311 3379 Cai-

210 3425 275 3464 nun
287 3412 383 3462 natzar
395 3421 476 3460 anno
489 3405 558 3467 130.
579 3402 618 3460 Et
631 3400 705 3481 haec
720 3401 888 3463 correctior
902 3402 980 3460 inira
994 3399 1176 3480 probabitur.
1272 3476 1276 3483 Ι

297 3482 383 3551 Eridu
394 3480 556 3571 γενόμενος
570 3485 646 3549 isaia
661 3480 750 3568 9272]
772 3487 947 3546 Anastasius
965 3486 1089 3565 Regius,
1110 3485 1258 3564 bliscella,
1279 3493 1311 3545 et

211 3572 334 3635 (lautius
348 3592 443 3637 annm
461 3576 531 3639 130.
548 3570 731 3632 emendatius
746 3572 890 3632 reserant.

284 3653 377 3740 Ἔβερ
397 3649 560 3740 γενόμενος.
570 3657 646 3720 ἐτῶν
660 3650 743 3739 ρλγ’.]
767 3659 853 3717 Paros
871 3663 974 3715 rrarrat
992 3654 1165 3715 Anastasius
1179 3653 1308 3731 Regiusr

210 3742 311 3801 Contii
326 3742 769 3821 etlliecellaecomputus134.
784 3762 823 3802 ex
837 3742 967 3801 lectione
986 3740 1124 3819 vulgatae
1137 3746 1188 3807 70.
1208 3740 1308 3799 luter-

210 3836 330 3907 pretum
347 3828 507 3904 editionis,
529 3837 638 3887 atnon
655 3826 693 3885 ad
709 3826 873 3909 Niceplrori
887 3835 1024 3887 mentem.

272 3960 276 3965 12
299 3908 397 3973 natta
411 3910 569 3994 γενόμενος
589 3912 664 3975 ἐτοῖν
683 3908 765 3993 ρλγ’.]
800 3911 988 3990 Anastasius,
1008 3907 1154 3984 bliscclla,
1175 3914 1206 3967 et
1226 3904 1310 3966 Con-

212 3992 273 4074 tius
289 3997 359 4059 130.
374 3997 489 4057 ethaeo
506 3997 596 4058 lectio
613 3996 777 4077 probatior.

212 4160 269 4226 ΜΒ
294 4076 400 4221 ‘grymi
421 4079 576 4165 γενόμενος
597 4081 673 4147 ἐτῶν
695 4077 778 4167 ρλε’.]
803 4081 851 4143 Ita
865 4079 973 4161 Regius
992 4078 1128 4139 Anastar.
1144 4074 1269 4137 Contius
1283 4085 1313 4138 et

245 4162 303 4221 'ce
327 4166 428 4230 «2132.

298 4243 415 4329 Σεροΰχ
436 4244 595 4331 γενόμενος
611 4250 685 4315 isaia
703 4244 788 4335 alpi]
807 4249 950 4329 Regium,
971 4244 1152 4320 bliscollam,
1174 4252 1204 4306 et
1225 4244 1309 4307 Con·
1326 4257 1360 4315 V.
1372 4258 1408 4313 79

214 4332 288 4394 tium
303 4330 389 4392 annis
404 4336 433 4399 8.
451 4336 578 4394 excedit.
723 4391 726 4394 .

289 4413 365 4499 Ἔπη
378 4412 490 4503 pand]
511 4418 642 4497 Scaliger
661 4418 803 4479 mendose
815 4410 915 4501 prad'.
933 4412 1058 4474 Contius
1073 4434 1141 4473 cunr
1157 4416 1312 4477 Anastasio
