3109 4959
271 454 346 529 492
629 465 973 537 EMENDATIONES

271 624 404 681 Clemens
420 621 520 683 veluit
536 640 598 682 esse
611 632 792 683 numeratos.
826 622 934 684 Verum
949 621 1036 682 lictes
1051 631 1082 683 et
1103 625 1237 704 appictes
1258 625 1351 687 Euse-

270 706 329 782 bio,
344 726 426 766 meus
442 709 585 784 Georgius
597 728 658 765 non
671 710 768 785 arguit
784 726 907 770 errorum
929 709 971 765 Ut
985 707 1063 766 enim
1079 709 1115 767 de
1130 731 1184 789 cap
1175 721 1217 769 ›to
1233 712 1352 770 Sedecie

195 817 207 837 =
268 790 431 894 Eusebius,
452 792 496 850 ite
515 794 647 851 Clemens
668 812 833 853 sermenem
847 792 935 851 babet
954 812 989 851 co
1011 793 1090 870 leci,
1109 814 1174 873 pag
1191 794 1264 853 mibi
1279 799 1352 861 329.

269 867 330 937 eino
352 880 408 976 τῆς
429 874 528 974 Δαβῖῦ
548 877 758 957 βασιλείας,
731 900 796 950 esee
814 881 870 955 τῆς
893 877 1091 954 αἰχμαλωσίας
1114 878 1163 957 ἔτη
1182 879 1354 983 τετρακόσια

269 982 455 1061 πεντηκοντα
470 957 542 1034 dae
564 984 658 1042 μηνες
672 961 710 1034 εξ
740 984 782 1031 ως
798 958 866 1038 tte
881 956 1049 1062 καθήμας
1063 964 1353 1041 turrecrematae

268 1045 337 1125 llere
354 1038 475 1125 συνάγει
495 1044 544 1124 ἔτη
565 1040 737 1143 τετρακόσια
758 1039 941 1125 ὀγδοήκοντα
961 1040 1036 1122 dsio,
1058 1050 1155 1125 μῆνας
1172 1048 1220 1123 ἓξ,
1241 1045 1354 1126 ἡμέρας

269 1125 350 1191 δέκα.
378 1127 412 1191 ἒν
432 1128 465 1191 di
482 1133 525 1212 τῷ
547 1122 703 1211 δωδεκατῳ
723 1127 781 1190 ἔτει
799 1132 855 1207 τῆς
870 1131 1012 1193 Σεδεκίαν
1031 1132 1198 1211 decidetur.-
1218 1141 1249 1189 et
1264 1132 1352 1193 infra.

267 1209 443 1295 καὶγίνεται
461 1213 644 1292 αἰχμαλωσία
663 1212 712 1275 leel
729 1212 777 1293 ἔτη
799 1208 1013 1295 ἑβδομήκοντα.
1055 1215 1090 1273 Λ
1107 1236 1199 1294 regne
1220 1215 1353 1274 Doridis

268 1316 366 1375 uoqree
388 1294 433 1353 ud
451 1299 676 1375 cceptisitatern,
698 1318 777 1375 quae
786 1301 882 1374 suctu
898 1309 941 1356 eet
963 1322 984 1357 α
1008 1298 1173 1358 Chaldaeis
1192 1322 1268 1357 censes
1263 1300 1354 1365 452.

266 1391 631 1439 menes·sse.s·.·uta1etem
651 1383 768 1460 colligit
787 1388 962 1440 accuratior
980 1394 1145 1462 temporum
1165 1387 1354 1462 supputatio,

266 1463 574 1545 quadringentesima
594 1469 749 1545 octoginta
768 1466 847 1544 due,
869 1488 981 1526 messere
999 1489 1066 1537 sex,
1089 1465 1153 1525 dies
1167 1468 1275 1539 decem.
1316 1468 1355 1526 In

265 1547 442 1608 dnoslrce'me
468 1563 570 1609 autem
599 1572 678 1609 uitreo
710 1557 797 1631 regni
819 1551 956 1611 Sedeciue
984 1554 1181 1631 septuaginta
1202 1572 1355 1610 annornm

224 1701 226 1705 ι
265 1636 428 1711 captivitas
441 1638 578 1714 contigit.
618 1636 667 1693 Nil
687 1637 870 1695 manifestius
889 1657 977 1716 quam
992 1638 1169 1696 Clementem
1190 1636 1354 1716 pariterue

265 1716 425 1778 Eusebium
441 1719 478 1777 de
497 1719 616 1778 Sedeeia
631 1722 793 1799 scripsisse.
832 1723 874 1779 Ut
890 1742 981 1800 porro
998 1721 1101 1799 templi
1119 1721 1354 1781 devastationem

264 1816 334 1883 pest
350 1822 442 1863 annos
457 1802 493 1861 eb
507 1804 570 1862 eius
584 1804 708 1863 conditu
721 1806 792 1878 442.
813 1825 851 1864 cx
872 1806 1030 1864 Clementis
1048 1805 1130 1865 dicto
1151 1808 1211 1865 suis
1232 1805 1355 1865 calculis

265 1886 401 1947 affiniora
420 1887 536 1966 colligit
554 1889 712 1948 Eusebius:
738 1891 781 1949 ita
801 1890 1051 1968 quadragesimam
1077 1891 1231 1971 septimam
1250 1891 1355 1967 Olym-

264 1971 383 2052 piadem
404 1973 585 2053 captivitatis
601 1982 735 2053 tempore
754 1985 933 2050 asserturus,
964 1975 1122 2034 Clementis
1149 1975 1358 2040 testimenium,

264 2057 317 2120 48.
337 2057 501 2117 attestantis
519 2057 552 2116 in
571 2059 700 2117 medium
716 2061 850 2138 prolerre
868 2080 929 2118 nors
945 2068 989 2117 est
1007 2060 1139 2132 veritus,
1161 2058 1241 2136 quod
1263 2072 1352 2133 quum

264 2138 322 2197 sibi
341 2142 439 2199 vicine
458 2143 536 2201 soret
558 2151 696 2220 utreque,
719 2154 748 2201 et
770 2144 938 2222 captivitati
959 2142 1095 2200 Sedeciee
1115 2161 1167 2220 per
1188 2146 1239 2206 70.
1259 2160 1353 2198 assises

266 2222 458 2282 stabiliendae
475 2225 749 2301 confirmandaeque
765 2228 842 2284 soret
860 2227 941 2304 apud
960 2224 1114 2293 authorem
1131 2234 1291 2301 utrumque
1303 2244 1352 2295 ec·

169 2306 199 2359 Ρ.
216 2307 252 2363 62
269 2307 431 2366 commoda.
473 2307 604 2367 Varietas
625 2310 730 2367 deinde
751 2310 888 2367 codicum
910 2317 1050 2386 quantam
1064 2310 1140 2367 solet
1152 2307 1184 2367 in
1204 2304 1353 2367 senorum

265 2399 296 2463 et
316 2391 527 2471 Olympiedum
551 2412 688 2451 numeros
709 2393 820 2451 inlerre
843 2392 1060 2469 diversitatem,
1082 2393 1157 2452 adeo
1175 2401 1211 2451 ut
1233 2390 1353 2452 Aether

265 2474 344 2535 idem
360 2496 376 2533 e
395 2477 490 2557 seipse
505 2486 718 2555 nonnunquam
740 2476 896 2554 dissideat,
917 2486 947 2535 et
965 2476 1172 2536 dissentientes
1192 2479 1354 2557 scriptores

265 2559 469 2621 librariorum
489 2561 657 2641 corruptela
678 2560 792 2620 taciet'
783 2583 816 2620 nr
835 2562 1025 2621 concordiam
1048 2560 1176 2622 verrisel
1211 2564 1294 2636 Quae
1314 2562 1353 2621 de

268 2647 417 2706 Clemente
428 2655 589 2705 tractamus
604 2646 694 2705 habet
708 2646 800 2705 editio
815 2668 880 2705 urea
898 2666 963 2726 pag
978 2649 1052 2712 331

349 2725 543 2811 Συνάγεσθαι
560 2727 596 2792 sei
619 2755 635 2793 ο
635 2725 741 2811 den]
771 2732 961 2791 Perturbatus
982 2733 1166 2810 sequentium
1187 2729 1351 2789 dictionum

265 2832 367 2872 sensus
380 2834 417 2871 ex
434 2814 537 2872 latino
554 2816 672 2873 Eusebii
687 2826 772 2875 textu
788 2818 943 2875 restitutus
958 2825 1012 2875 est.

339 2893 460 2977 ”teet
479 2893 692 2979 terraconae]
714 2902 784 2965 A9.
799 2901 836 2955 ad
849 2904 901 2964 38
915 2900 1034 2977 trigenta
1050 2907 1260 2972 numerentur
1285 2918 1350 2955 ma-

265 2979 346 3041 xime
362 2981 386 3038 ei
401 3001 497 3041 nonus
516 2982 566 3040 itte
580 2983 632 3040 liat
646 2986 696 3047 30.
714 2983 908 3061 principium,
930 2993 959 3039 ct
974 2983 1034 3040 cius
1050 2986 1149 3040 unitas
1163 2983 1267 3061 prims.

346 3058 458 3129 ’desisti
471 3059 507 3128 κ’.
523 3065 587 3140 ἔτας
602 3062 727 3149 lisiaco]
746 3067 772 3126 A
788 3066 904 3127 Persica
924 3066 1079 3146 nimirum,
1104 3087 1166 3125 neu
1185 3089 1201 3125 a
1219 3067 1352 3146 Babylo

264 3150 332 3210 aies
346 3151 504 3231 tyrennile
519 3160 643 3256 arrepta.

350 3232 478 3300 teet
448 3259 543 3320 easy.
526 3230 670 3299 ’Ἰωσίου
689 3234 832 3315 βασιλέως
845 3229 1017 3314 landertun]
1045 3234 1141 3295 Addit
1160 3256 1198 3295 ex
1219 3236 1352 3318 propriis

265 3318 412 3395 Scaliger:
434 3321 485 3385 καὶ
502 3262 551 3395 λς’
570 3314 756 3429 Ἀστυάγους.

349 3404 418 3482 Phe
442 3410 514 3471 228
535 3399 647 3468 Ἐπὶ
614 3430 667 3479 τας
680 3400 886 3487 Ὀλυμπιάδας
904 3401 1092 3484 κατέφυγεν]
1113 3401 1203 3477 Quod
1218 3415 1283 3464 tuns
1302 3402 1353 3460 bic

264 3486 442 3565 Olympiade
456 3491 506 3552 47
522 3498 586 3547 turn
603 3494 653 3555 65.
674 3490 768 3551 lector
783 3490 934 3568 experstur
948 3490 1028 3568 apud
1043 3489 1215 3547 Eusebium.
1253 3489 1353 3559 Quae-

263 3570 389 3631 stionem
398 3614 407 3645 ,
428 3571 543 3648 Ecquid
558 3574 668 3631 certior
680 3574 720 3631 sit
734 3573 968 3648 Clsresrelogicu,
993 3593 1068 3651 quae
1085 3594 1138 3651 per
1151 3570 1351 3648 Olympiades,

264 3674 353 3735 quani
369 3674 444 3734 quae
460 3675 513 3733 pes·
531 3674 633 3731 regum
650 3676 743 3713 asinos
758 3657 929 3730 deducitur,
948 3656 1097 3714 subtiliter
1109 3664 1218 3727 movet,
1240 3662 1270 3711 et
1284 3674 1351 3713 eru-

264 3740 327 3801 dite
349 3739 439 3801 solvit
455 3738 593 3799 Nicolaus
613 3739 756 3798 teramus
774 3739 813 3797 de
829 3739 979 3819 principie
1001 3749 1031 3799 et
1044 3740 1103 3797 une
1118 3743 1169 3802 70.
1189 3735 1353 3797 bebdoma-

217 3866 219 3870 Α
264 3826 339 3889 (lum
355 3823 491 3885 Danielis.

347 3902 581 3988 Ἐπιλαθόμενος
593 3900 691 3987 ὥσπερ
708 3903 840 3985 ἑαυτοῦ]
863 3906 933 3966 Eius
947 3916 1045 3965 tamen
1058 3904 1180 3964 nemine
1192 3905 1355 3968 Clsaldaee·

265 4014 334 4057 rum
350 4015 431 4073 reges
446 3994 508 4053 suis
519 3992 777 4071 diagrammatibus
796 3992 943 4071 disposuit
955 3992 1095 4070 Scaliger.
1137 3990 1204 4051 llec
1225 4004 1272 4053 est
1289 3994 1354 4053 Eu·

267 4079 380 4141 sebiusn
396 4078 456 4158 bng
458 4097 514 4139 ere

350 4163 393 4227 Et
406 4164 458 4228 ani
471 4163 504 4227 le
517 4158 617 4235 littere
628 4183 657 4222 τι
670 4153 856 4255 designator]
879 4160 1018 4239 Proprias
1036 4178 1173 4240 errores,
1191 4161 1230 4222 de
1247 4163 1353 4244 quibus

266 4247 438 4327 hueusque,
460 4250 604 4323 Georgius
617 4246 842 4318 animadvertit,
863 4255 894 4304 st
908 4265 969 4303 nen
987 4244 1152 4323 castigavit.

351 4334 419 4410 Ptg.
442 4338 512 4399 229
525 4331 644 4395 ”essen
663 4324 716 4409 eb'
730 4323 966 4412 cremeram]
994 4329 1121 4409 Vulgata
1141 4328 1351 4392 Ezeotsieltst.

269 4417 366 4497 eapite
378 4421 452 4485 39⁰
472 4417 604 4478 exbibet:
626 4416 677 4476 ubi
694 4415 771 4476 diem
788 4436 844 4495 pro
861 4436 938 4475 sesso
953 4414 1117 4495 l’ropbetss
1132 4414 1258 4477 concedi
1278 4415 1353 4471 licus
