3109 4959
226 456 287 531 64
520 488 523 494 ·
708 457 844 530 eoam

239 619 276 681 ab
288 617 387 695 hisce,
411 614 517 697 quibus
528 614 622 677 ritum
634 612 787 696 ducimus,
806 577 955 678 initorum
968 612 1156 689 discrimine,
1177 612 1330 694 Scriptura

240 723 303 765 non
319 702 479 781 eloquente
492 700 628 781 penitus,
649 722 724 782 quae
738 702 775 762 de
787 702 853 763 istis
867 702 945 764 ratio
959 701 1009 762 vel
1023 706 1228 778 argumentum
1242 699 1331 777 igno·

239 786 368 850 santiam
389 794 418 844 et
441 784 565 845 dubium
588 805 676 846 omne
694 786 803 847 tollat‘t
828 786 873 847 Ab
892 785 1034 847 Hebraeis
1060 781 1167 844 Graeci
1190 782 1332 841 centuriis

139 874 142 881 '
241 890 388 933 annorum
403 869 524 948 integris
543 868 705 933 dissidente
725 870 792 951 pari
807 870 954 932 discordia
970 868 1094 929 Graecis
1109 875 1269 947 opponunt
1283 886 1332 925 se-

240 976 273 1016 ss
288 953 400 1015 Latini:
424 954 482 1035 ipsi
503 954 629 1033 denique
646 964 694 1015 tot
716 956 854 1035 supputis
868 978 886 1015 a
902 954 1077 1016 seinvicem
1096 950 1208 1012 diuersi
1225 950 1333 1010 abeunt

241 1039 359 1115 Latini,
380 1047 431 1112 ut,
452 1058 513 1098 non
529 1038 589 1097 nisi
612 1040 731 1101 reiectis
749 1040 876 1100 alierum
891 1039 1030 1114 calculis,
1052 1046 1082 1097 et
1096 1056 1175 1096 nera
1191 1032 1334 1115 temporis
1399 1115 1403 1119 ι

242 1124 358 1186 ratione
369 1122 482 1203 posita,
504 1123 607 1183 nullus
619 1144 721 1185 eorum
733 1124 842 1183 ambiat
855 1123 1002 1185 aestimari
1014 1121 1232 1199 Gbronologus.
1274 1117 1334 1177 Ve-

242 1228 311 1270 rum
321 1206 479 1267 enimvero
489 1206 664 1267 Latinorum
680 1228 796 1287 pugnae
811 1228 880 1267 curn
893 1209 1028 1269 omnibus
1040 1215 1173 1288 pateant,
1190 1223 1248 1265 nec
1263 1222 1335 1262 cura

245 1293 287 1353 sit
302 1290 386 1350 nobis
405 1291 442 1350 de
457 1290 598 1353 Hebraeis
614 1292 757 1373 plurima,
780 1313 819 1352 ex
833 1313 891 1372 quo
905 1293 1036 1353 Verbum
1053 1302 1203 1350 aeternum
1217 1307 1336 1349 carnem

245 1386 275 1437 et
287 1384 402 1457 ternpus
419 1375 512 1437 subiit
525 1376 564 1437 ad
577 1378 664 1437 Rom.
688 1377 807 1457 imperii
826 1396 894 1435 cum
908 1377 1090 1438 Francorum
1103 1372 1274 1435 Menarcbis
1286 1371 1336 1431 di-

245 1460 304 1521 visi
319 1459 497 1537 terminum,
516 1461 541 1521 si
554 1460 590 1521 de
608 1462 794 1523 Graecorum
808 1460 1004 1539 chronologis
1021 1459 1191 1540 (Clemente
1204 1458 1335 1517 Alexan-

247 1544 351 1622 drino,
373 1544 515 1623 Tatiano,
537 1553 567 1605 et
587 1546 670 1623 aliis,
692 1566 823 1625 quorum
842 1545 930 1606 labor
950 1543 1128 1624 praecipuus
1141 1542 1337 1602 consideratio

246 1639 415 1709 temporum
430 1650 493 1689 non
507 1628 621 1708 extitit,
647 1628 863 1711 praetermissis
870 1626 898 1712 ),.
914 1648 1011 1689 serino
1026 1625 1218 1702 instituatur,
1237 1625 1270 1684 in
1281 1645 1338 1684 au-

245 1722 364 1773 ctorum
383 1713 501 1791 album,
523 1713 577 1793 qui
598 1714 637 1777 ad
652 1723 749 1776 certes
766 1715 876 1775 limites
892 1724 923 1773 et
938 1712 1077 1774 definitos
1090 1710 1179 1791 spatii
1194 1709 1339 1769 cancellos

244 1798 408 1857 Historiam
439 1798 611 1877 digesserint
638 1798 959 1877 universam,1ulium
989 1800 1137 1858 duntaxat
1156 1794 1339 1871 Africanum,

246 1882 462 1941 Caesariensem
475 1884 644 1959 Eusebium,
658 1884 808 1945 linianum
821 1883 1046 1944 ctPanodorum
1059 1877 1230 1954 Monachus,
1244 1877 1338 1948 Chro-

243 1968 307 2027 nici
334 1966 529 2026 Alexandrini
550 1970 744 2048 scriptorem,
773 1978 803 2029 et
832 1968 993 2047 Georgium
1014 1969 1133 2033 tandem
1156 1964 1339 2044 syncellum,

245 2051 331 2111 cuius
357 2072 439 2132 opus.
454 2044 541 2111 ciebis
561 2052 613 2115 hic
637 2052 788 2114 scribendi
810 2048 1252 2133 a1·gume11tuur,recenscndos
1273 2046 1340 2107 exi·

244 2135 342 2197 elimo.

330 2218 445 2277 Primus
469 2218 521 2277 ille
539 2219 633 2279 lulius
652 2220 813 2280 Africanus
829 2220 1005 2299 antiquitate
1026 2218 1207 2299 spectandus
1220 2217 1341 2277 Tertul-

245 2302 361 2361 lianum
377 2309 406 2357 ct
420 2301 577 2378 Origenem
593 2302 736 2361 Antonini
745 2304 929 2381 Heliogabali
940 2313 1073 2379 ternpore
1085 2301 1192 2359 habuit
1208 2321 1341 2360 coaevos.

247 2384 375 2445 Eusebio
395 2384 575 2443 Caesariensi
594 2385 759 2465 Episcopo,
781 2387 855 2465 quid
869 2388 903 2445 iu
920 2384 1124 2463 componenda
1145 2384 1343 2463 Cluenologia

246 2478 348 2551 posset
363 2468 492 2547 imitari,
514 2469 598 2529 dedit
613 2472 802 2551 exemplum,
823 2480 884 2546 aut,
904 2488 994 2549 quarn
1010 2470 1043 2527 in
1053 2470 1164 2549 scripta
1178 2489 1231 2527 sua
1247 2479 1344 2529 trans-

247 2556 354 2629 ferret,
375 2553 513 2633 praebuit
529 2555 691 2617 materiam.
712 2556 870 2614 Caesareae
881 2552 1095 2613 bibliothecam
1111 2554 1237 2633 aperuit,
1253 2574 1343 2633 quarn

192 2670 196 2675 ,
246 2648 350 2720 postea
369 2638 528 2715 Eusebius,
551 2650 580 2697 et
594 2641 682 2699 unice
697 2660 783 2700 carus
803 2640 928 2699 Eusebio
949 2637 1123 2719 Pamphilus
1140 2639 1343 2698 Laodicacnus

246 2723 405 2803 Presbyter
419 2724 457 2805 ad
471 2723 592 2801 triginta
604 2725 696 2784 millia
711 2725 899 2785 voluminum
914 2733 1072 2785 auxerunt.
1114 2724 1197 2785 idem
1213 2744 1275 2781 non
1292 2746 1345 2782 ar-

247 2829 321 2867 cana
336 2807 426 2867 ruodo
443 2808 630 2887 Scripturas,
655 2810 724 2884 sed,
748 2820 784 2869 ut
800 2830 837 2868 ex
858 2809 1072 2887 eiusreliquiis
1089 2809 1169 2889 apud
1186 2809 1342 2867 Eusebium

250 2902 377 2967 constat,
386 2892 517 2950 omnium
533 2914 627 2971 paene
641 2895 773 2971 gentium
788 2894 988 2953 bibliothecas
1005 2894 1165 2952 evolverat.
1204 2894 1277 2951 Eius
1293 2892 1344 2952 vi-

249 2985 298 3035 tae
313 2976 372 3034 suit
385 2976 410 3033 is
424 2976 575 3055 splendor,
590 2987 625 3037 nt
638 2979 751 3037 civium
765 2999 887 3037 suorum
900 2977 1049 3054 suffragiis
1069 2978 1275 3059 (Palaestinam
1288 2996 1343 3037 ve·

248 3081 283 3122 ro
299 3080 486 3119 communem
496 3082 563 3120 curn
577 3062 618 3121 eis
628 3063 753 3140 patriam
769 3072 876 3121 nactus
891 3061 959 3144 est),
974 3062 1029 3142 ipsi
1038 3064 1144 3140 legatio
1156 3062 1193 3120 ad
1204 3065 1342 3121 Senatum

248 3147 335 3207 llum.
351 3145 575 3221 decerneretur,
600 3148 787 3227 obtinuitque
801 3156 834 3206 ut
845 3149 1029 3209 Emmauntis
1045 3148 1180 3225 antiquae
1195 3147 1297 3206 ruinae
1312 3147 1344 3204 in

248 3230 353 3290 urbem
373 3231 517 3289 excitatae
537 3230 620 3290 urbis
647 3234 766 3292 nornine
790 3253 824 3291 ac
851 3233 918 3291 iure
937 3232 971 3291 in
994 3242 1146 3311 posterum
1165 3232 1344 3292 fruerentur.

250 3318 430 3395 Supererant
442 3316 551 3391 adhuc,
572 3336 648 3395 quae
662 3326 815 3390 memorat,
834 3319 897 3389 cius
914 3318 1026 3396 scriptu
1040 3316 1139 3375 Plrotii
1152 3326 1256 3393 aetate,
1272 3334 1345 3393 quac

249 3406 297 3458 tot
310 3400 466 3459 doctorum
480 3401 604 3463 vocibus
620 3402 743 3483 periisse
758 3402 917 3480 deflentur,
932 3411 1005 3481 quot
1023 3401 1175 3461 doctrinae
1190 3411 1278 3461 testes
1290 3398 1344 3457 ob'-

252 3483 338 3545 tinet.

335 3566 418 3630 Alter
442 3569 586 3631 Eusebius
615 3570 688 3630 udee
711 3579 802 3629 notus
826 3579 976 3649 tempore,
997 3570 1154 3643 doctrina,
1174 3567 1344 3642 virtutibus,

253 3645 411 3729 dignitate,
433 3655 587 3733 operibus,
608 3664 644 3714 ut
664 3654 738 3715 hacc
759 3674 853 3733 aeque
876 3655 950 3715 trita
972 3656 1085 3734 doctis,
1114 3674 1148 3712 ac
1174 3652 1343 3712 mortalium

252 3734 348 3795 oculis
366 3738 492 3812 quadiu
506 3740 618 3799 mundo
633 3739 915 3800 communissimurn.

336 3819 484 3879 Panodori
507 3833 536 3881 et
557 3824 665 3883 Auiani
688 3845 748 3883 non
772 3824 933 3884 obscurum
951 3842 1071 3884 nomen.
1113 3818 1252 3879 Virorum
1272 3820 1343 3881 illu·

250 3904 323 3965 stria
347 3904 469 3981 quidem
492 3907 614 3987 scripta:
636 3908 688 3967 sed
701 3912 787 3988 'rpuae
811 3910 919 3989 supina
939 3910 1108 3988 priscorum
1127 3904 1242 3965 incuria
1257 3906 1344 3965 nobis

251 3988 404 4048 inviderit.
454 3988 540 4049 Actus
564 3993 622 4051 suit
650 3992 767 4070 eadem,
795 4014 869 4073 quae
896 3990 1056 4052 Theodosii
1083 3988 1228 4070 iunioris,
1248 3992 1344 4071 pietas

249 4073 468 4134 Monaclrorum
490 4073 522 4131 iu
547 4074 680 4154 Aegypto
702 4098 736 4136 ea
755 4087 930 4159 tempestate
953 4073 1211 4136 celeberrimorum
1232 4074 1345 4135 conri-

248 4169 331 4217 ctum
352 4159 458 4219 sortita
481 4169 541 4217 cst:
563 4159 595 4215 in
612 4160 767 4220 ilistoricis
783 4173 813 4222 et
831 4172 1001 4240 temporum
1018 4178 1153 4226 merirum
1169 4171 1230 4220 tam
1244 4158 1346 4218 subti-

251 4244 288 4302 lis
303 4245 430 4323 peritia,
453 4252 492 4301 ut
504 4264 579 4321 quac
597 4244 784 4307 Manctlronis
799 4255 829 4304 et
842 4245 945 4304 berosi
960 4240 1177 4305 narrationibus
1188 4243 1346 4304 absunlis-

252 4326 325 4384 sima
342 4328 495 4387 nonnullis
513 4329 594 4403 visa,
617 4330 805 4411 postmodnm
819 4329 1008 4389 evidentibus
1022 4340 1052 4390 ct
1065 4328 1294 4390 accommodatis
1308 4327 1345 4387 ad

252 4414 414 4492 scriptores
433 4413 506 4473 allos
521 4413 701 4491 argumentis
715 4414 827 4473 luerint
838 4415 874 4472 ab
889 4414 931 4474 cis
945 4415 1127 4477 confirmata.
