<?xml version="1.0" encoding="UTF-8"?>
<!DOCTYPE html PUBLIC "-//W3C//DTD XHTML 1.0 Transitional//EN"
    "http://www.w3.org/TR/xhtml1/DTD/xhtml1-transitional.dtd">
<html xmlns="http://www.w3.org/1999/xhtml" xml:lang="en" lang="en">
 <head>
  <title>
</title>
<meta http-equiv="Content-Type" content="text/html;charset=utf-8" />
  <meta name='ocr-system' content='tesseract 3.04.00' />
  <meta name='ocr-capabilities' content='ocr_page ocr_carea ocr_par ocr_line ocrx_word'/>
</head>
<body>
  <div class='ocr_page' id='page_1' title='image "./corpusscriptoru33theogoog_0446.png"; bbox 0 0 3109 4959; ppageno 0'>
   <div class='ocr_carea' id='block_1_1' title="bbox 260 429 987 511">
    <p class='ocr_par' dir='ltr' id='par_1_1' title="bbox 260 429 987 511">
     <span class='ocr_line' id='line_1_1' title="bbox 260 429 987 511; baseline 0.007 -5"><span class='ocrx_word' id='word_1_1' title='bbox 260 429 338 506; x_wconf 77' lang='lat'>430</span> <span class='ocrx_word' id='word_1_2' title='bbox 639 440 987 511; x_wconf 82' lang='lat' dir='ltr'><strong>EMENDATIONES</strong></span> 
     </span>
    </p>
   </div>
   <div class='ocr_carea' id='block_1_2' title="bbox 258 594 1356 1026">
    <p class='ocr_par' dir='ltr' id='par_1_2' title="bbox 258 594 1356 1026">
     <span class='ocr_line' id='line_1_2' title="bbox 259 594 1355 685; baseline 0.005 -25"><span class='ocrx_word' id='word_1_3' title='bbox 259 598 412 682; x_wconf 76' lang='lat' dir='ltr'>prioribus</span> <span class='ocrx_word' id='word_1_4' title='bbox 428 599 615 662; x_wconf 73' lang='lat' dir='ltr'><strong>commodius</strong></span> <span class='ocrx_word' id='word_1_5' title='bbox 629 599 825 680; x_wconf 83' lang='lat' dir='ltr'>adaptantur,</span> <span class='ocrx_word' id='word_1_6' title='bbox 846 601 881 660; x_wconf 83' lang='lat' dir='ltr'>in</span> <span class='ocrx_word' id='word_1_7' title='bbox 901 599 985 662; x_wconf 87' lang='lat' dir='ltr'>bunc</span> <span class='ocrx_word' id='word_1_8' title='bbox 999 603 1132 665; x_wconf 85' lang='lat' dir='ltr'>modum.</span> <span class='ocrx_word' id='word_1_9' title='bbox 1158 594 1254 684; x_wconf 71' lang='lat' dir='ltr'>&#39;Addp</span> <span class='ocrx_word' id='word_1_10' title='bbox 1267 596 1355 685; x_wconf 75' lang='lat' dir='ltr'>yevo&#39;·</span> 
     </span>
     <span class='ocr_line' id='line_1_3' title="bbox 260 681 1356 769; baseline 0.003 -21"><span class='ocrx_word' id='word_1_11' title='bbox 260 684 439 767; x_wconf 68' lang='lat' dir='ltr'>porceletto</span> <span class='ocrx_word' id='word_1_12' title='bbox 454 681 504 748; x_wconf 63' lang='grc' dir='ltr'><strong><em>σι’.</em></strong></span> <span class='ocrx_word' id='word_1_13' title='bbox 520 685 677 768; x_wconf 75' lang='grc' dir='ltr'><strong><em>ἐγέννησεν</em></strong></span> <span class='ocrx_word' id='word_1_14' title='bbox 693 681 742 748; x_wconf 85' lang='grc' dir='ltr'>τὸν</span> <span class='ocrx_word' id='word_1_15' title='bbox 759 681 850 764; x_wconf 79' lang='grc' dir='ltr'><em>Σήθ·</em></span> <span class='ocrx_word' id='word_1_16' title='bbox 871 685 923 749; x_wconf 75' lang='grc' dir='ltr'>καὶ</span> <span class='ocrx_word' id='word_1_17' title='bbox 934 686 1076 767; x_wconf 58' lang='lat' dir='ltr'>inlinere</span> <span class='ocrx_word' id='word_1_18' title='bbox 1089 689 1139 769; x_wconf 69' lang='grc' dir='ltr'>ἔτη</span> <span class='ocrx_word' id='word_1_19' title='bbox 1153 682 1198 767; x_wconf 78' lang='grc' dir='ltr'>ψ’.</span> <span class='ocrx_word' id='word_1_20' title='bbox 1218 686 1272 751; x_wconf 69' lang='grc' dir='ltr'>καὶ</span> <span class='ocrx_word' id='word_1_21' title='bbox 1284 681 1356 751; x_wconf 67' lang='lat' dir='ltr'>rire·</span> 
     </span>
     <span class='ocr_line' id='line_1_4' title="bbox 258 765 1355 856; baseline -0.003 -24"><span class='ocrx_word' id='word_1_22' title='bbox 258 777 372 832; x_wconf 79' lang='grc' dir='ltr'><strong><em>θανεν·</em></strong></span> <span class='ocrx_word' id='word_1_23' title='bbox 394 765 493 854; x_wconf 74' lang='grc' dir='ltr'><strong>τούτῳ</strong></span> <span class='ocrx_word' id='word_1_24' title='bbox 512 775 554 856; x_wconf 77' lang='grc' dir='ltr'>τῷ</span> <span class='ocrx_word' id='word_1_25' title='bbox 571 767 615 850; x_wconf 77' lang='grc' dir='ltr'>ψ’.</span> <span class='ocrx_word' id='word_1_26' title='bbox 634 769 699 833; x_wconf 67' lang='grc' dir='ltr'><strong><em>ἕπει.</em></strong></span> <span class='ocrx_word' id='word_1_27' title='bbox 719 768 770 832; x_wconf 80' lang='lat' dir='ltr'>eoi</span> <span class='ocrx_word' id='word_1_28' title='bbox 785 766 822 830; x_wconf 79' lang='lat' dir='ltr'>roi</span> <span class='ocrx_word' id='word_1_29' title='bbox 838 769 915 850; x_wconf 70' lang='grc' dir='ltr'><strong><em>ἑξῆς.</em></strong></span> <span class='ocrx_word' id='word_1_30' title='bbox 960 773 1015 832; x_wconf 90' lang='lat' dir='ltr'>llel</span> <span class='ocrx_word' id='word_1_31' title='bbox 1033 774 1058 832; x_wconf 91' lang='lat' dir='ltr'>si</span> <span class='ocrx_word' id='word_1_32' title='bbox 1073 774 1206 834; x_wconf 79' lang='lat' dir='ltr'>volueris</span> <span class='ocrx_word' id='word_1_33' title='bbox 1220 772 1355 846; x_wconf 85' lang='lat' dir='ltr'>immota,</span> 
     </span>
     <span class='ocr_line' id='line_1_5' title="bbox 258 852 1356 934; baseline 0.006 -21"><span class='ocrx_word' id='word_1_34' title='bbox 258 854 292 913; x_wconf 88' lang='lat' dir='ltr'>in</span> <span class='ocrx_word' id='word_1_35' title='bbox 302 852 384 914; x_wconf 91' lang='lat' dir='ltr'>hunc</span> <span class='ocrx_word' id='word_1_36' title='bbox 397 855 520 914; x_wconf 90' lang='lat' dir='ltr'>modum</span> <span class='ocrx_word' id='word_1_37' title='bbox 534 856 659 934; x_wconf 79' lang='lat' dir='ltr'><strong>corrige.</strong></span> <span class='ocrx_word' id='word_1_38' title='bbox 671 854 732 918; x_wconf 27' lang='lat' dir='ltr'>*aot</span> <span class='ocrx_word' id='word_1_39' title='bbox 746 853 886 934; x_wconf 77' lang='grc' dir='ltr'><strong><em>ἔπὲζησεν</em></strong></span> <span class='ocrx_word' id='word_1_40' title='bbox 900 855 951 934; x_wconf 75' lang='grc' dir='ltr'>ἔτη</span> <span class='ocrx_word' id='word_1_41' title='bbox 961 852 1019 934; x_wconf 67' lang='grc' dir='ltr'>ψξ.</span> <span class='ocrx_word' id='word_1_42' title='bbox 1036 859 1087 919; x_wconf 80' lang='lat' dir='ltr'>ael</span> <span class='ocrx_word' id='word_1_43' title='bbox 1103 854 1269 920; x_wconf 77' lang='grc' dir='ltr'><strong><em>ἆπὲθινεν.</em></strong></span> <span class='ocrx_word' id='word_1_44' title='bbox 1287 852 1356 920; x_wconf 75' lang='lat' dir='ltr'>rod·</span> 
     </span>
     <span class='ocr_line' id='line_1_6' title="bbox 258 933 1335 1026; baseline 0.002 -25"><span class='ocrx_word' id='word_1_45' title='bbox 258 961 312 1003; x_wconf 79' lang='lat' dir='ltr'>rou</span> <span class='ocrx_word' id='word_1_46' title='bbox 324 942 366 1025; x_wconf 75' lang='grc' dir='ltr'>τῷ</span> <span class='ocrx_word' id='word_1_47' title='bbox 380 933 424 1018; x_wconf 83' lang='grc' dir='ltr'>ψ’.</span> <span class='ocrx_word' id='word_1_48' title='bbox 440 939 512 1015; x_wconf 75' lang='grc' dir='ltr'><strong><em>ἔτει,</em></strong></span> <span class='ocrx_word' id='word_1_49' title='bbox 534 936 603 1020; x_wconf 77' lang='grc' dir='ltr'>ἤτοι</span> <span class='ocrx_word' id='word_1_50' title='bbox 615 944 660 1026; x_wconf 72' lang='grc' dir='ltr'>τῷ</span> <span class='ocrx_word' id='word_1_51' title='bbox 671 936 743 1024; x_wconf 56' lang='lat' dir='ltr'>‘ml&#39;-</span> <span class='ocrx_word' id='word_1_52' title='bbox 766 939 823 1001; x_wconf 67' lang='grc' dir='ltr'>ἔτει</span> <span class='ocrx_word' id='word_1_53' title='bbox 839 942 895 1002; x_wconf 80' lang='grc' dir='ltr'>τοῦ</span> <span class='ocrx_word' id='word_1_54' title='bbox 910 936 1023 1020; x_wconf 80' lang='grc' dir='ltr'><strong><em>κόσμου</em></strong></span> <span class='ocrx_word' id='word_1_55' title='bbox 1038 941 1059 1005; x_wconf 80' lang='lat' dir='ltr'>o‘</span> <span class='ocrx_word' id='word_1_56' title='bbox 1068 939 1160 1022; x_wconf 70' lang='lat' dir='ltr'>&#39;Addp</span> <span class='ocrx_word' id='word_1_57' title='bbox 1170 938 1335 1005; x_wconf 71' lang='grc' dir='ltr'><strong><em>ἀπέθανεν.</em></strong></span> 
     </span>
    </p>
   </div>
   <div class='ocr_carea' id='block_1_3' title="bbox 257 1033 1355 1207">
    <p class='ocr_par' dir='ltr' id='par_1_3' title="bbox 257 1033 1355 1207">
     <span class='ocr_line' id='line_1_7' title="bbox 346 1033 1355 1124; baseline 0.001 -21"><span class='ocrx_word' id='word_1_58' title='bbox 346 1043 396 1124; x_wconf 69' lang='grc' dir='ltr'>Τῷ</span> <span class='ocrx_word' id='word_1_59' title='bbox 409 1035 484 1118; x_wconf 69' lang='grc' dir='ltr'>ψλέ.</span> <span class='ocrx_word' id='word_1_60' title='bbox 504 1041 560 1102; x_wconf 73' lang='grc' dir='ltr'>ἔτει</span> <span class='ocrx_word' id='word_1_61' title='bbox 574 1045 627 1103; x_wconf 81' lang='lat' dir='ltr'>rosi</span> <span class='ocrx_word' id='word_1_62' title='bbox 641 1033 778 1120; x_wconf 70' lang='lat' dir='ltr'>rodopam]</span> <span class='ocrx_word' id='word_1_63' title='bbox 800 1041 1026 1120; x_wconf 84' lang='lat' dir='ltr'>Frequentiores</span> <span class='ocrx_word' id='word_1_64' title='bbox 1040 1041 1355 1124; x_wconf 74' lang='lat' dir='ltr'>interpolationeslric</span> 
     </span>
     <span class='ocr_line' id='line_1_8' title="bbox 257 1123 1050 1207; baseline 0 -23"><span class='ocrx_word' id='word_1_65' title='bbox 257 1123 425 1207; x_wconf 85' lang='lat' dir='ltr'>appositae,</span> <span class='ocrx_word' id='word_1_66' title='bbox 447 1128 498 1191; x_wconf 92' lang='grc'>70.</span> <span class='ocrx_word' id='word_1_67' title='bbox 515 1127 717 1204; x_wconf 86' lang='lat' dir='ltr'>interpretum</span> <span class='ocrx_word' id='word_1_68' title='bbox 732 1126 862 1185; x_wconf 90' lang='lat' dir='ltr'>lectione</span> <span class='ocrx_word' id='word_1_69' title='bbox 876 1127 1050 1206; x_wconf 77' lang='lat' dir='ltr'><strong>probantur.</strong></span> 
     </span>
    </p>
   </div>
   <div class='ocr_carea' id='block_1_4' title="bbox 339 1220 1356 1310">
    <p class='ocr_par' dir='ltr' id='par_1_4' title="bbox 339 1220 1356 1310">
     <span class='ocr_line' id='line_1_9' title="bbox 339 1220 1356 1310; baseline 0.002 -22"><span class='ocrx_word' id='word_1_70' title='bbox 339 1225 373 1288; x_wconf 84' lang='lat'>‘0</span> <span class='ocrx_word' id='word_1_71' title='bbox 398 1220 489 1300; x_wconf 74' lang='grc' dir='ltr'>αὔτός</span> <span class='ocrx_word' id='word_1_72' title='bbox 509 1223 543 1289; x_wconf 78' lang='grc' dir='ltr'>δὲ</span> <span class='ocrx_word' id='word_1_73' title='bbox 569 1220 663 1308; x_wconf 74' lang='grc' dir='ltr'><em>Ἰἆρεδ</em></span> <span class='ocrx_word' id='word_1_74' title='bbox 685 1225 826 1307; x_wconf 71' lang='grc' dir='ltr'><strong><em>ἕκὲζησεν</em></strong></span> <span class='ocrx_word' id='word_1_75' title='bbox 848 1221 986 1310; x_wconf 46' lang='lat' dir='ltr'>duffii]</span> <span class='ocrx_word' id='word_1_76' title='bbox 1018 1227 1163 1288; x_wconf 85' lang='lat' dir='ltr'>Germana</span> <span class='ocrx_word' id='word_1_77' title='bbox 1191 1229 1282 1290; x_wconf 87' lang='lat' dir='ltr'>lectio</span> <span class='ocrx_word' id='word_1_78' title='bbox 1310 1238 1356 1290; x_wconf 81' lang='lat' dir='ltr'>est</span> 
     </span>
    </p>
   </div>
   <div class='ocr_carea' id='block_1_5' title="bbox 131 1305 395 1394">
    <p class='ocr_par' dir='ltr' id='par_1_5' title="bbox 131 1305 395 1394">
     <span class='ocr_line' id='line_1_10' title="bbox 131 1305 395 1394; baseline -0.015 -20"><span class='ocrx_word' id='word_1_79' title='bbox 131 1389 134 1394; x_wconf 25' lang='grc' dir='ltr'>Ι</span> <span class='ocrx_word' id='word_1_80' title='bbox 258 1305 300 1374; x_wconf 85' lang='lat' dir='ltr'>u&#39;.</span> <span class='ocrx_word' id='word_1_81' title='bbox 322 1315 395 1378; x_wconf 94' lang='grc'><strong><em>800.</em></strong></span> 
     </span>
    </p>
   </div>
   <div class='ocr_carea' id='block_1_6' title="bbox 252 1403 1355 2614">
    <p class='ocr_par' dir='ltr' id='par_1_6' title="bbox 254 1403 1355 1558">
     <span class='ocr_line' id='line_1_11' title="bbox 346 1403 1355 1497; baseline 0.004 -23"><span class='ocrx_word' id='word_1_82' title='bbox 346 1416 394 1497; x_wconf 80' lang='grc' dir='ltr'>Τῷ</span> <span class='ocrx_word' id='word_1_83' title='bbox 409 1409 442 1475; x_wconf 79' lang='lat' dir='ltr'>di</span> <span class='ocrx_word' id='word_1_84' title='bbox 456 1403 523 1491; x_wconf 63' lang='grc' dir='ltr'><strong><em>(κη’.</em></strong></span> <span class='ocrx_word' id='word_1_85' title='bbox 547 1407 604 1473; x_wconf 74' lang='grc' dir='ltr'><strong><em>ἔτει</em></strong></span> <span class='ocrx_word' id='word_1_86' title='bbox 617 1405 711 1492; x_wconf 65' lang='grc' dir='ltr'>Ἐνιὶχ</span> <span class='ocrx_word' id='word_1_87' title='bbox 727 1405 886 1476; x_wconf 70' lang='grc' dir='ltr'><strong><em>ἀπέθανεν</em></strong></span> <span class='ocrx_word' id='word_1_88' title='bbox 899 1407 1016 1495; x_wconf 64' lang='grc' dir='ltr'><strong><em>Ἐνώς]</em></strong></span> <span class='ocrx_word' id='word_1_89' title='bbox 1044 1415 1156 1476; x_wconf 81' lang='lat' dir='ltr'>Textus</span> <span class='ocrx_word' id='word_1_90' title='bbox 1168 1417 1257 1478; x_wconf 85' lang='lat' dir='ltr'>lectio</span> <span class='ocrx_word' id='word_1_91' title='bbox 1279 1415 1355 1478; x_wconf 89' lang='lat' dir='ltr'>reti·</span> 
     </span>
     <span class='ocr_line' id='line_1_12' title="bbox 254 1498 363 1558; baseline -0.018 0"><span class='ocrx_word' id='word_1_92' title='bbox 254 1498 363 1558; x_wconf 86' lang='lat' dir='ltr'>nenda.</span> 
     </span>
    </p>

    <p class='ocr_par' dir='ltr' id='par_1_7' title="bbox 256 1576 1355 1916">
     <span class='ocr_line' id='line_1_13' title="bbox 341 1576 1355 1665; baseline 0.003 -23"><span class='ocrx_word' id='word_1_93' title='bbox 341 1584 408 1658; x_wconf 85' lang='lat' dir='ltr'>Pag.</span> <span class='ocrx_word' id='word_1_94' title='bbox 431 1580 502 1646; x_wconf 79' lang='lat'><strong>114.</strong></span> <span class='ocrx_word' id='word_1_95' title='bbox 522 1576 667 1658; x_wconf 71' lang='lat' dir='ltr'>‘Turpilln</span> <span class='ocrx_word' id='word_1_96' title='bbox 690 1576 744 1642; x_wconf 75' lang='grc' dir='ltr'>τόν</span> <span class='ocrx_word' id='word_1_97' title='bbox 766 1579 973 1662; x_wconf 74' lang='grc' dir='ltr'><strong><em>κατακλυσμὸν</em></strong></span> <span class='ocrx_word' id='word_1_98' title='bbox 999 1583 1075 1647; x_wconf 72' lang='grc' dir='ltr'><strong><em>ἔτεσι</em></strong></span> <span class='ocrx_word' id='word_1_99' title='bbox 1103 1581 1169 1665; x_wconf 83' lang='grc' dir='ltr'><strong><em>ιε’.]</em></strong></span> <span class='ocrx_word' id='word_1_100' title='bbox 1197 1585 1355 1645; x_wconf 83' lang='lat' dir='ltr'>Immemor</span> 
     </span>
     <span class='ocr_line' id='line_1_14' title="bbox 256 1664 1355 1748; baseline 0 -21"><span class='ocrx_word' id='word_1_101' title='bbox 256 1687 361 1728; x_wconf 87' lang='lat' dir='ltr'>eorum</span> <span class='ocrx_word' id='word_1_102' title='bbox 377 1685 452 1746; x_wconf 68' lang='lat' dir='ltr'>(luae</span> <span class='ocrx_word' id='word_1_103' title='bbox 467 1683 532 1744; x_wconf 88' lang='lat' dir='ltr'>pag.</span> <span class='ocrx_word' id='word_1_104' title='bbox 547 1668 597 1729; x_wconf 80' lang='lat'>20.</span> <span class='ocrx_word' id='word_1_105' title='bbox 611 1664 645 1726; x_wconf 82' lang='grc' dir='ltr'>Β.</span> <span class='ocrx_word' id='word_1_106' title='bbox 660 1671 689 1722; x_wconf 83' lang='lat' dir='ltr'>et</span> <span class='ocrx_word' id='word_1_107' title='bbox 705 1666 735 1723; x_wconf 85' lang='lat' dir='ltr'>C.</span> <span class='ocrx_word' id='word_1_108' title='bbox 752 1675 782 1724; x_wconf 91' lang='lat' dir='ltr'>et</span> <span class='ocrx_word' id='word_1_109' title='bbox 796 1687 862 1744; x_wconf 69' lang='lat' dir='ltr'>pag.</span> <span class='ocrx_word' id='word_1_110' title='bbox 875 1672 926 1732; x_wconf 85' lang='grc'>21.</span> <span class='ocrx_word' id='word_1_111' title='bbox 938 1669 972 1726; x_wconf 85' lang='lat' dir='ltr'>A.</span> <span class='ocrx_word' id='word_1_112' title='bbox 990 1668 1128 1748; x_wconf 82' lang='lat' dir='ltr'>scripsit,</span> <span class='ocrx_word' id='word_1_113' title='bbox 1150 1670 1278 1748; x_wconf 79' lang='lat' dir='ltr'>sibiipsi</span> <span class='ocrx_word' id='word_1_114' title='bbox 1292 1689 1355 1728; x_wconf 90' lang='lat' dir='ltr'>nou</span> 
     </span>
     <span class='ocr_line' id='line_1_15' title="bbox 257 1745 1355 1834; baseline 0.001 -22"><span class='ocrx_word' id='word_1_115' title='bbox 257 1761 375 1812; x_wconf 84' lang='lat' dir='ltr'>constat</span> <span class='ocrx_word' id='word_1_116' title='bbox 391 1749 516 1810; x_wconf 77' lang='lat' dir='ltr'>Author.</span> <span class='ocrx_word' id='word_1_117' title='bbox 539 1748 714 1810; x_wconf 75' lang='lat' dir='ltr'>Emendatio</span> <span class='ocrx_word' id='word_1_118' title='bbox 732 1745 774 1813; x_wconf 81' lang='grc' dir='ltr'><strong><em>ιε’.</em></strong></span> <span class='ocrx_word' id='word_1_119' title='bbox 794 1750 827 1810; x_wconf 88' lang='lat' dir='ltr'>iu</span> <span class='ocrx_word' id='word_1_120' title='bbox 841 1747 891 1814; x_wconf 80' lang='grc' dir='ltr'><strong><em>ιδ’.</em></strong></span> <span class='ocrx_word' id='word_1_121' title='bbox 910 1753 1130 1813; x_wconf 82' lang='lat' dir='ltr'>exscribendis</span> <span class='ocrx_word' id='word_1_122' title='bbox 1148 1755 1187 1812; x_wconf 88' lang='lat' dir='ltr'>ad</span> <span class='ocrx_word' id='word_1_123' title='bbox 1202 1775 1269 1834; x_wconf 85' lang='lat' dir='ltr'>pag.</span> <span class='ocrx_word' id='word_1_124' title='bbox 1289 1754 1355 1828; x_wconf 88' lang='lat' dir='ltr'>cal-</span> 
     </span>
     <span class='ocr_line' id='line_1_16' title="bbox 257 1836 494 1916; baseline -0.008 -20"><span class='ocrx_word' id='word_1_125' title='bbox 257 1857 322 1897; x_wconf 86' lang='lat' dir='ltr'>osru</span> <span class='ocrx_word' id='word_1_126' title='bbox 340 1836 494 1916; x_wconf 85' lang='lat' dir='ltr'>probatur.</span> 
     </span>
    </p>

    <p class='ocr_par' dir='ltr' id='par_1_8' title="bbox 252 1929 1354 2614">
     <span class='ocr_line' id='line_1_17' title="bbox 332 1929 1354 2018; baseline -0.003 -18"><span class='ocrx_word' id='word_1_127' title='bbox 332 1933 476 2000; x_wconf 83' lang='grc' dir='ltr'><strong><em>Ἔσονται</em></strong></span> <span class='ocrx_word' id='word_1_128' title='bbox 489 1931 546 2016; x_wconf 77' lang='lat' dir='ltr'>yolp</span> <span class='ocrx_word' id='word_1_129' title='bbox 560 1930 637 1996; x_wconf 77' lang='lat' dir='ltr'>nord</span> <span class='ocrx_word' id='word_1_130' title='bbox 649 1938 757 1998; x_wconf 76' lang='grc' dir='ltr'><strong><em>τοῦτον</em></strong></span> <span class='ocrx_word' id='word_1_131' title='bbox 771 1932 823 2000; x_wconf 72' lang='grc' dir='ltr'>τᾶν</span> <span class='ocrx_word' id='word_1_132' title='bbox 836 1929 947 2018; x_wconf 76' lang='grc' dir='ltr'><strong><em>λόγον]</em></strong></span> <span class='ocrx_word' id='word_1_133' title='bbox 971 1937 1087 1997; x_wconf 87' lang='lat' dir='ltr'>Eusebii</span> <span class='ocrx_word' id='word_1_134' title='bbox 1097 1938 1275 2016; x_wconf 87' lang='lat' dir='ltr'>Georgiiquc</span> <span class='ocrx_word' id='word_1_135' title='bbox 1286 1957 1354 2016; x_wconf 80' lang='lat' dir='ltr'>erga</span> 
     </span>
     <span class='ocr_line' id='line_1_18' title="bbox 256 2020 1354 2103; baseline -0.004 -20"><span class='ocrx_word' id='word_1_136' title='bbox 256 2043 358 2083; x_wconf 78' lang='lat' dir='ltr'>ueros</span> <span class='ocrx_word' id='word_1_137' title='bbox 380 2023 498 2080; x_wconf 89' lang='lat' dir='ltr'>codices</span> <span class='ocrx_word' id='word_1_138' title='bbox 522 2020 759 2094; x_wconf 83' lang='lat' dir='ltr'>observantiam,</span> <span class='ocrx_word' id='word_1_139' title='bbox 788 2023 920 2098; x_wconf 78' lang='lat' dir='ltr'>Scaliger</span> <span class='ocrx_word' id='word_1_140' title='bbox 943 2023 1008 2084; x_wconf 84' lang='lat' dir='ltr'>Nol.</span> <span class='ocrx_word' id='word_1_141' title='bbox 1037 2024 1137 2103; x_wconf 85' lang='lat' dir='ltr'>pagio.</span> <span class='ocrx_word' id='word_1_142' title='bbox 1161 2027 1234 2089; x_wconf 81' lang='lat'><strong>243.</strong></span> <span class='ocrx_word' id='word_1_143' title='bbox 1264 2030 1354 2081; x_wconf 76' lang='lat' dir='ltr'>vorat</span> 
     </span>
     <span class='ocr_line' id='line_1_19' title="bbox 257 2105 1353 2189; baseline -0.005 -19"><span class='ocrx_word' id='word_1_144' title='bbox 257 2109 451 2187; x_wconf 70' lang='lat' dir='ltr'>oesoprrgt&#39;ov:</span> <span class='ocrx_word' id='word_1_145' title='bbox 473 2105 540 2179; x_wconf 90' lang='lat' dir='ltr'>vel,</span> <span class='ocrx_word' id='word_1_146' title='bbox 562 2114 700 2184; x_wconf 89' lang='lat' dir='ltr'>utquam</span> <span class='ocrx_word' id='word_1_147' title='bbox 717 2106 875 2165; x_wconf 84' lang='lat' dir='ltr'>Eusebiani</span> <span class='ocrx_word' id='word_1_148' title='bbox 895 2107 941 2166; x_wconf 88' lang='lat' dir='ltr'>sui</span> <span class='ocrx_word' id='word_1_149' title='bbox 957 2117 1058 2167; x_wconf 84' lang='lat' dir='ltr'>textus</span> <span class='ocrx_word' id='word_1_150' title='bbox 1073 2123 1139 2189; x_wconf 83' lang='lat' dir='ltr'>pag.</span> <span class='ocrx_word' id='word_1_151' title='bbox 1156 2108 1186 2173; x_wconf 78' lang='grc'>4.</span> <span class='ocrx_word' id='word_1_152' title='bbox 1208 2107 1286 2165; x_wconf 88' lang='lat' dir='ltr'>linea</span> <span class='ocrx_word' id='word_1_153' title='bbox 1303 2112 1353 2172; x_wconf 88' lang='grc'>10.</span> 
     </span>
     <span class='ocr_line' id='line_1_20' title="bbox 255 2189 1353 2272; baseline -0.005 -19"><span class='ocrx_word' id='word_1_154' title='bbox 255 2192 406 2267; x_wconf 86' lang='lat' dir='ltr'>Hebraeo,</span> <span class='ocrx_word' id='word_1_155' title='bbox 429 2191 547 2262; x_wconf 85' lang='lat' dir='ltr'>Latino,</span> <span class='ocrx_word' id='word_1_156' title='bbox 572 2193 695 2267; x_wconf 85' lang='lat' dir='ltr'>Graeco,</span> <span class='ocrx_word' id='word_1_157' title='bbox 719 2191 879 2250; x_wconf 75' lang='lat' dir='ltr'>chaldaico</span> <span class='ocrx_word' id='word_1_158' title='bbox 893 2193 1023 2251; x_wconf 73' lang='lat' dir='ltr'>textibus</span> <span class='ocrx_word' id='word_1_159' title='bbox 1039 2194 1172 2254; x_wconf 84' lang='lat' dir='ltr'>adversis</span> <span class='ocrx_word' id='word_1_160' title='bbox 1184 2189 1249 2272; x_wconf 91' lang='lat' dir='ltr'>(ore</span> <span class='ocrx_word' id='word_1_161' title='bbox 1265 2190 1353 2271; x_wconf 87' lang='lat' dir='ltr'>quip-</span> 
     </span>
     <span class='ocr_line' id='line_1_21' title="bbox 254 2274 1354 2358; baseline -0.002 -20"><span class='ocrx_word' id='word_1_162' title='bbox 254 2298 295 2357; x_wconf 89' lang='lat' dir='ltr'>pe</span> <span class='ocrx_word' id='word_1_163' title='bbox 314 2298 375 2336; x_wconf 90' lang='lat' dir='ltr'>uno</span> <span class='ocrx_word' id='word_1_164' title='bbox 394 2277 481 2334; x_wconf 79' lang='lat' dir='ltr'>annis</span> <span class='ocrx_word' id='word_1_165' title='bbox 500 2281 571 2342; x_wconf 83' lang='lat'><strong>969.</strong></span> <span class='ocrx_word' id='word_1_166' title='bbox 598 2274 762 2335; x_wconf 83' lang='lat' dir='ltr'>blathusala</span> <span class='ocrx_word' id='word_1_167' title='bbox 781 2277 894 2335; x_wconf 82' lang='lat' dir='ltr'>vixisse</span> <span class='ocrx_word' id='word_1_168' title='bbox 913 2275 1075 2358; x_wconf 82' lang='lat' dir='ltr'>testantur)</span> <span class='ocrx_word' id='word_1_169' title='bbox 1097 2288 1238 2356; x_wconf 85' lang='lat' dir='ltr'>tanquam</span> <span class='ocrx_word' id='word_1_170' title='bbox 1255 2277 1354 2336; x_wconf 82' lang='lat' dir='ltr'>Euss-</span> 
     </span>
     <span class='ocr_line' id='line_1_22' title="bbox 255 2359 1351 2442; baseline -0.004 -20"><span class='ocrx_word' id='word_1_171' title='bbox 255 2363 298 2422; x_wconf 88' lang='lat' dir='ltr'>bii</span> <span class='ocrx_word' id='word_1_172' title='bbox 308 2363 346 2422; x_wconf 90' lang='lat' dir='ltr'>de</span> <span class='ocrx_word' id='word_1_173' title='bbox 360 2362 447 2421; x_wconf 89' lang='lat' dir='ltr'>annis</span> <span class='ocrx_word' id='word_1_174' title='bbox 460 2359 626 2419; x_wconf 82' lang='lat' dir='ltr'>blatlrusalu</span> <span class='ocrx_word' id='word_1_175' title='bbox 643 2362 715 2427; x_wconf 79' lang='grc'><strong><em>949.</em></strong></span> <span class='ocrx_word' id='word_1_176' title='bbox 732 2363 878 2422; x_wconf 74' lang='lat' dir='ltr'>duntaxat</span> <span class='ocrx_word' id='word_1_177' title='bbox 890 2362 1018 2442; x_wconf 88' lang='lat' dir='ltr'>positam</span> <span class='ocrx_word' id='word_1_178' title='bbox 1034 2373 1154 2423; x_wconf 88' lang='lat' dir='ltr'>tueatur</span> <span class='ocrx_word' id='word_1_179' title='bbox 1165 2362 1351 2437; x_wconf 84' lang='lat' dir='ltr'>senteutiam,</span> 
     </span>
     <span class='ocr_line' id='line_1_23' title="bbox 254 2446 1353 2525; baseline -0.001 -19"><span class='ocrx_word' id='word_1_180' title='bbox 254 2465 292 2506; x_wconf 84' lang='lat' dir='ltr'>ex</span> <span class='ocrx_word' id='word_1_181' title='bbox 306 2447 524 2505; x_wconf 86' lang='lat' dir='ltr'>contrariarum</span> <span class='ocrx_word' id='word_1_182' title='bbox 539 2446 763 2524; x_wconf 83' lang='lat' dir='ltr'>Scripturarum</span> <span class='ocrx_word' id='word_1_183' title='bbox 776 2447 948 2507; x_wconf 85' lang='lat' dir='ltr'>testimonio</span> <span class='ocrx_word' id='word_1_184' title='bbox 962 2448 1137 2508; x_wconf 79' lang='lat' dir='ltr'>firmatam</span> <span class='ocrx_word' id='word_1_185' title='bbox 1153 2448 1280 2525; x_wconf 87' lang='lat' dir='ltr'>Georgio</span> <span class='ocrx_word' id='word_1_186' title='bbox 1295 2447 1353 2505; x_wconf 88' lang='lat' dir='ltr'>ob·</span> 
     </span>
     <span class='ocr_line' id='line_1_24' title="bbox 252 2529 788 2614; baseline 0.002 -24"><span class='ocrx_word' id='word_1_187' title='bbox 252 2529 413 2592; x_wconf 76' lang='lat' dir='ltr'>irationem</span> <span class='ocrx_word' id='word_1_188' title='bbox 426 2539 584 2608; x_wconf 87' lang='lat' dir='ltr'>nuncupat</span> <span class='ocrx_word' id='word_1_189' title='bbox 602 2531 788 2614; x_wconf 77' lang='grc' dir='ltr'><strong><em>σκιιμαχίιν.</em></strong></span> 
     </span>
    </p>
   </div>
   <div class='ocr_carea' id='block_1_7' title="bbox 248 2624 1355 4496">
    <p class='ocr_par' dir='ltr' id='par_1_9' title="bbox 248 2624 1355 4219">
     <span class='ocr_line' id='line_1_25' title="bbox 339 2624 1352 2713; baseline -0.002 -20"><span class='ocrx_word' id='word_1_190' title='bbox 339 2630 401 2694; x_wconf 82' lang='lat' dir='ltr'>lini</span> <span class='ocrx_word' id='word_1_191' title='bbox 421 2624 522 2706; x_wconf 43' lang='lat' dir='ltr'>‘lbani</span> <span class='ocrx_word' id='word_1_192' title='bbox 535 2631 650 2713; x_wconf 77' lang='grc' dir='ltr'>λέγοντι</span> <span class='ocrx_word' id='word_1_193' title='bbox 661 2635 718 2693; x_wconf 78' lang='lat' dir='ltr'>rori</span> <span class='ocrx_word' id='word_1_194' title='bbox 732 2627 956 2713; x_wconf 60' lang='lat' dir='ltr'>maneronta]</span> <span class='ocrx_word' id='word_1_195' title='bbox 980 2633 1046 2707; x_wconf 87' lang='lat' dir='ltr'>Qua</span> <span class='ocrx_word' id='word_1_196' title='bbox 1065 2632 1249 2712; x_wconf 87' lang='lat' dir='ltr'>scriptorum</span> <span class='ocrx_word' id='word_1_197' title='bbox 1266 2638 1352 2710; x_wconf 81' lang='lat' dir='ltr'>parts</span> 
     </span>
     <span class='ocr_line' id='line_1_26' title="bbox 252 2713 1353 2796; baseline -0.008 -12"><span class='ocrx_word' id='word_1_198' title='bbox 252 2719 325 2784; x_wconf 79' lang='lat'><strong>989.</strong></span> <span class='ocrx_word' id='word_1_199' title='bbox 349 2737 445 2777; x_wconf 88' lang='lat' dir='ltr'>anuos</span> <span class='ocrx_word' id='word_1_200' title='bbox 462 2715 627 2776; x_wconf 84' lang='lat' dir='ltr'>Mathusala</span> <span class='ocrx_word' id='word_1_201' title='bbox 643 2716 754 2777; x_wconf 83' lang='lat' dir='ltr'>vixisse</span> <span class='ocrx_word' id='word_1_202' title='bbox 771 2719 992 2796; x_wconf 67' lang='lat' dir='ltr'>consignaverit</span> <span class='ocrx_word' id='word_1_203' title='bbox 1014 2718 1190 2794; x_wconf 78' lang='lat' dir='ltr'>Africanus,</span> <span class='ocrx_word' id='word_1_204' title='bbox 1214 2716 1279 2795; x_wconf 88' lang='lat' dir='ltr'>ipse</span> <span class='ocrx_word' id='word_1_205' title='bbox 1299 2713 1353 2794; x_wconf 86' lang='lat' dir='ltr'>qui</span> 
     </span>
     <span class='ocr_line' id='line_1_27' title="bbox 252 2799 1353 2881; baseline -0.003 -20"><span class='ocrx_word' id='word_1_206' title='bbox 252 2801 358 2861; x_wconf 90' lang='lat' dir='ltr'>obiicit</span> <span class='ocrx_word' id='word_1_207' title='bbox 381 2801 526 2879; x_wconf 81' lang='lat' dir='ltr'>Georgius</span> <span class='ocrx_word' id='word_1_208' title='bbox 546 2801 650 2881; x_wconf 88' lang='lat' dir='ltr'>nequit</span> <span class='ocrx_word' id='word_1_209' title='bbox 667 2822 826 2880; x_wconf 82' lang='lat' dir='ltr'>exponere.</span> <span class='ocrx_word' id='word_1_210' title='bbox 874 2803 1063 2876; x_wconf 82' lang='lat' dir='ltr'>Quinimmo,</span> <span class='ocrx_word' id='word_1_211' title='bbox 1095 2821 1164 2860; x_wconf 88' lang='lat' dir='ltr'>cum</span> <span class='ocrx_word' id='word_1_212' title='bbox 1185 2820 1202 2859; x_wconf 84' lang='lat' dir='ltr'>a</span> <span class='ocrx_word' id='word_1_213' title='bbox 1227 2799 1353 2859; x_wconf 89' lang='lat' dir='ltr'>conditu</span> 
     </span>
     <span class='ocr_line' id='line_1_28' title="bbox 253 2886 1352 2966; baseline -0.001 -22"><span class='ocrx_word' id='word_1_214' title='bbox 253 2886 359 2945; x_wconf 88' lang='lat' dir='ltr'>mnndi</span> <span class='ocrx_word' id='word_1_215' title='bbox 372 2907 451 2944; x_wconf 88' lang='lat' dir='ltr'>anno</span> <span class='ocrx_word' id='word_1_216' title='bbox 472 2890 563 2952; x_wconf 88' lang='grc'><strong><em>1287.</em></strong></span> <span class='ocrx_word' id='word_1_217' title='bbox 581 2897 683 2945; x_wconf 90' lang='lat' dir='ltr'>natum</span> <span class='ocrx_word' id='word_1_218' title='bbox 701 2886 866 2946; x_wconf 85' lang='lat' dir='ltr'>blatbusals</span> <span class='ocrx_word' id='word_1_219' title='bbox 880 2908 919 2946; x_wconf 86' lang='lat' dir='ltr'>ex</span> <span class='ocrx_word' id='word_1_220' title='bbox 930 2894 981 2954; x_wconf 88' lang='grc'><strong><em>70.</em></strong></span> <span class='ocrx_word' id='word_1_221' title='bbox 1003 2888 1202 2966; x_wconf 84' lang='lat' dir='ltr'>interpretum</span> <span class='ocrx_word' id='word_1_222' title='bbox 1219 2893 1352 2965; x_wconf 85' lang='lat' dir='ltr'>supputo</span> 
     </span>
     <span class='ocr_line' id='line_1_29' title="bbox 252 2970 1352 3050; baseline 0.001 -21"><span class='ocrx_word' id='word_1_223' title='bbox 252 2979 283 3029; x_wconf 86' lang='lat' dir='ltr'>et</span> <span class='ocrx_word' id='word_1_224' title='bbox 298 2989 364 3050; x_wconf 89' lang='lat' dir='ltr'>pag.</span> <span class='ocrx_word' id='word_1_225' title='bbox 381 2976 431 3037; x_wconf 88' lang='grc'>20.</span> <span class='ocrx_word' id='word_1_226' title='bbox 448 2971 480 3030; x_wconf 85' lang='lat' dir='ltr'>G.</span> <span class='ocrx_word' id='word_1_227' title='bbox 496 2971 617 3048; x_wconf 85' lang='lat' dir='ltr'>colligat</span> <span class='ocrx_word' id='word_1_228' title='bbox 627 2970 795 3048; x_wconf 77' lang='lat' dir='ltr'>Africanus,</span> <span class='ocrx_word' id='word_1_229' title='bbox 817 2993 854 3031; x_wconf 90' lang='lat' dir='ltr'>ac</span> <span class='ocrx_word' id='word_1_230' title='bbox 868 2972 976 3032; x_wconf 86' lang='lat' dir='ltr'>deinde</span> <span class='ocrx_word' id='word_1_231' title='bbox 990 2971 1070 3031; x_wconf 86' lang='lat' dir='ltr'>vitae</span> <span class='ocrx_word' id='word_1_232' title='bbox 1083 2977 1154 3038; x_wconf 83' lang='lat'><strong>969.</strong></span> <span class='ocrx_word' id='word_1_233' title='bbox 1169 2970 1284 3030; x_wconf 86' lang='lat' dir='ltr'>tribuat</span> <span class='ocrx_word' id='word_1_234' title='bbox 1294 2990 1352 3030; x_wconf 85' lang='lat' dir='ltr'>an-</span> 
     </span>
     <span class='ocr_line' id='line_1_30' title="bbox 252 3055 1351 3137; baseline -0.003 -23"><span class='ocrx_word' id='word_1_235' title='bbox 252 3073 323 3130; x_wconf 88' lang='lat' dir='ltr'>nos,</span> <span class='ocrx_word' id='word_1_236' title='bbox 345 3063 471 3114; x_wconf 90' lang='lat' dir='ltr'>mortem</span> <span class='ocrx_word' id='word_1_237' title='bbox 495 3055 625 3114; x_wconf 87' lang='lat' dir='ltr'>eiusdem</span> <span class='ocrx_word' id='word_1_238' title='bbox 647 3077 726 3115; x_wconf 88' lang='lat' dir='ltr'>anno</span> <span class='ocrx_word' id='word_1_239' title='bbox 748 3063 841 3124; x_wconf 85' lang='grc'><strong><em>2256.</em></strong></span> <span class='ocrx_word' id='word_1_240' title='bbox 868 3057 1024 3116; x_wconf 80' lang='lat' dir='ltr'>manifesto</span> <span class='ocrx_word' id='word_1_241' title='bbox 1048 3056 1169 3137; x_wconf 85' lang='lat' dir='ltr'>posuit,</span> <span class='ocrx_word' id='word_1_242' title='bbox 1190 3064 1351 3134; x_wconf 88' lang='lat' dir='ltr'>prorogato</span> 
     </span>
     <span class='ocr_line' id='line_1_31' title="bbox 252 3138 1350 3220; baseline -0.001 -21"><span class='ocrx_word' id='word_1_243' title='bbox 252 3138 286 3199; x_wconf 89' lang='lat' dir='ltr'>in</span> <span class='ocrx_word' id='word_1_244' title='bbox 303 3159 415 3198; x_wconf 89' lang='lat' dir='ltr'>annum</span> <span class='ocrx_word' id='word_1_245' title='bbox 433 3144 525 3206; x_wconf 83' lang='grc'><strong><em>2262.</em></strong></span> <span class='ocrx_word' id='word_1_246' title='bbox 545 3139 671 3200; x_wconf 88' lang='lat' dir='ltr'>diluvio.</span> <span class='ocrx_word' id='word_1_247' title='bbox 714 3141 801 3200; x_wconf 91' lang='lat' dir='ltr'>Unde</span> <span class='ocrx_word' id='word_1_248' title='bbox 816 3143 909 3218; x_wconf 86' lang='lat' dir='ltr'>igitur</span> <span class='ocrx_word' id='word_1_249' title='bbox 925 3142 970 3200; x_wconf 90' lang='lat' dir='ltr'>illi</span> <span class='ocrx_word' id='word_1_250' title='bbox 989 3143 1069 3220; x_wconf 87' lang='lat' dir='ltr'>apud</span> <span class='ocrx_word' id='word_1_251' title='bbox 1085 3139 1260 3198; x_wconf 72' lang='lat' dir='ltr'>Africanum</span> <span class='ocrx_word' id='word_1_252' title='bbox 1278 3141 1350 3204; x_wconf 80' lang='lat'><strong>989.</strong></span> 
     </span>
     <span class='ocr_line' id='line_1_32' title="bbox 252 3222 1355 3304; baseline -0.005 -22"><span class='ocrx_word' id='word_1_253' title='bbox 252 3225 350 3282; x_wconf 82' lang='lat' dir='ltr'>annil</span> <span class='ocrx_word' id='word_1_254' title='bbox 384 3226 531 3304; x_wconf 82' lang='lat' dir='ltr'>Receptus</span> <span class='ocrx_word' id='word_1_255' title='bbox 552 3224 681 3283; x_wconf 78' lang='lat' dir='ltr'>Authori</span> <span class='ocrx_word' id='word_1_256' title='bbox 705 3245 777 3283; x_wconf 87' lang='lat' dir='ltr'>usus</span> <span class='ocrx_word' id='word_1_257' title='bbox 801 3228 917 3284; x_wconf 90' lang='lat' dir='ltr'>nodum</span> <span class='ocrx_word' id='word_1_258' title='bbox 942 3245 1060 3283; x_wconf 89' lang='lat' dir='ltr'>onmem</span> <span class='ocrx_word' id='word_1_259' title='bbox 1084 3222 1224 3285; x_wconf 86' lang='lat' dir='ltr'>exsolvit.</span> <span class='ocrx_word' id='word_1_260' title='bbox 1274 3222 1355 3281; x_wconf 85' lang='lat' dir='ltr'>Eum.</span> 
     </span>
     <span class='ocr_line' id='line_1_33' title="bbox 252 3305 1350 3388; baseline -0.002 -21"><span class='ocrx_word' id='word_1_261' title='bbox 252 3307 348 3388; x_wconf 87' lang='lat' dir='ltr'>ipsius</span> <span class='ocrx_word' id='word_1_262' title='bbox 362 3329 490 3384; x_wconf 85' lang='lat' dir='ltr'>morem,</span> <span class='ocrx_word' id='word_1_263' title='bbox 512 3317 628 3368; x_wconf 86' lang='lat' dir='ltr'>uttam</span> <span class='ocrx_word' id='word_1_264' title='bbox 645 3328 682 3368; x_wconf 86' lang='lat' dir='ltr'>ex</span> <span class='ocrx_word' id='word_1_265' title='bbox 698 3309 755 3367; x_wconf 86' lang='lat' dir='ltr'>sibi</span> <span class='ocrx_word' id='word_1_266' title='bbox 771 3311 920 3388; x_wconf 80' lang='lat' dir='ltr'>propriis,</span> <span class='ocrx_word' id='word_1_267' title='bbox 936 3319 1001 3368; x_wconf 88' lang='lat' dir='ltr'>tum</span> <span class='ocrx_word' id='word_1_268' title='bbox 1015 3327 1054 3367; x_wconf 86' lang='lat' dir='ltr'>ex</span> <span class='ocrx_word' id='word_1_269' title='bbox 1068 3305 1231 3367; x_wconf 85' lang='lat' dir='ltr'>adversarii</span> <span class='ocrx_word' id='word_1_270' title='bbox 1247 3305 1350 3384; x_wconf 89' lang='lat' dir='ltr'>dictis,</span> 
     </span>
     <span class='ocr_line' id='line_1_34' title="bbox 251 3389 1349 3474; baseline -0.002 -22"><span class='ocrx_word' id='word_1_271' title='bbox 251 3392 456 3453; x_wconf 84' lang='lat' dir='ltr'>adversarium</span> <span class='ocrx_word' id='word_1_272' title='bbox 471 3394 609 3474; x_wconf 89' lang='lat' dir='ltr'>impetat,</span> <span class='ocrx_word' id='word_1_273' title='bbox 632 3395 850 3470; x_wconf 87' lang='lat' dir='ltr'>etvslsrn&#39;ma,</span> <span class='ocrx_word' id='word_1_274' title='bbox 872 3395 901 3453; x_wconf 88' lang='lat' dir='ltr'>si</span> <span class='ocrx_word' id='word_1_275' title='bbox 917 3395 962 3452; x_wconf 84' lang='lat' dir='ltr'>sas</span> <span class='ocrx_word' id='word_1_276' title='bbox 982 3392 1185 3473; x_wconf 87' lang='lat' dir='ltr'>permitteret,</span> <span class='ocrx_word' id='word_1_277' title='bbox 1210 3389 1349 3469; x_wconf 86' lang='lat' dir='ltr'>configat,</span> 
     </span>
     <span class='ocr_line' id='line_1_35' title="bbox 250 3476 1351 3558; baseline -0.001 -22"><span class='ocrx_word' id='word_1_278' title='bbox 250 3476 322 3536; x_wconf 84' lang='lat' dir='ltr'>slibi</span> <span class='ocrx_word' id='word_1_279' title='bbox 337 3479 572 3539; x_wconf 74' lang='lat' dir='ltr'>observavimus.</span> <span class='ocrx_word' id='word_1_280' title='bbox 598 3479 703 3558; x_wconf 87' lang='lat' dir='ltr'>ltaque</span> <span class='ocrx_word' id='word_1_281' title='bbox 716 3499 784 3538; x_wconf 88' lang='lat' dir='ltr'>cum</span> <span class='ocrx_word' id='word_1_282' title='bbox 802 3479 908 3539; x_wconf 88' lang='lat' dir='ltr'>diluvii</span> <span class='ocrx_word' id='word_1_283' title='bbox 922 3476 1216 3557; x_wconf 82' lang='lat' dir='ltr'>terr-aesuperliciem</span> <span class='ocrx_word' id='word_1_284' title='bbox 1231 3495 1351 3535; x_wconf 82' lang='lat' dir='ltr'>omnem</span> 
     </span>
     <span class='ocr_line' id='line_1_36' title="bbox 250 3559 1348 3628; baseline -0.002 -7"><span class='ocrx_word' id='word_1_285' title='bbox 250 3581 329 3621; x_wconf 85' lang='lat' dir='ltr'>auno</span> <span class='ocrx_word' id='word_1_286' title='bbox 350 3562 443 3628; x_wconf 77' lang='grc'><strong><em>2242.</em></strong></span> <span class='ocrx_word' id='word_1_287' title='bbox 465 3563 634 3623; x_wconf 88' lang='lat' dir='ltr'>invadentis</span> <span class='ocrx_word' id='word_1_288' title='bbox 656 3559 807 3624; x_wconf 86' lang='lat' dir='ltr'>communi</span> <span class='ocrx_word' id='word_1_289' title='bbox 831 3564 916 3623; x_wconf 89' lang='lat' dir='ltr'>clade</span> <span class='ocrx_word' id='word_1_290' title='bbox 938 3561 1134 3623; x_wconf 71' lang='lat' dir='ltr'>mathusalam</span> <span class='ocrx_word' id='word_1_291' title='bbox 1155 3580 1234 3620; x_wconf 83' lang='lat' dir='ltr'>anno</span> <span class='ocrx_word' id='word_1_292' title='bbox 1254 3564 1348 3626; x_wconf 82' lang='grc'><strong><em>1278.</em></strong></span> 
     </span>
     <span class='ocr_line' id='line_1_37' title="bbox 250 3644 1349 3730; baseline -0.005 -23"><span class='ocrx_word' id='word_1_293' title='bbox 250 3655 355 3708; x_wconf 84' lang='lat' dir='ltr'>uatum</span> <span class='ocrx_word' id='word_1_294' title='bbox 368 3646 473 3705; x_wconf 86' lang='lat' dir='ltr'>aetatis</span> <span class='ocrx_word' id='word_1_295' title='bbox 488 3653 562 3714; x_wconf 86' lang='lat'><strong>969.</strong></span> <span class='ocrx_word' id='word_1_296' title='bbox 582 3649 705 3730; x_wconf 88' lang='lat' dir='ltr'>periisse</span> <span class='ocrx_word' id='word_1_297' title='bbox 720 3650 829 3710; x_wconf 83' lang='lat' dir='ltr'>sentiat</span> <span class='ocrx_word' id='word_1_298' title='bbox 845 3649 1001 3727; x_wconf 81' lang='lat' dir='ltr'>Georgius,</span> <span class='ocrx_word' id='word_1_299' title='bbox 1025 3668 1093 3707; x_wconf 90' lang='lat' dir='ltr'>cum</span> <span class='ocrx_word' id='word_1_300' title='bbox 1108 3647 1230 3725; x_wconf 89' lang='lat' dir='ltr'>iusuper</span> <span class='ocrx_word' id='word_1_301' title='bbox 1243 3644 1284 3701; x_wconf 87' lang='lat' dir='ltr'>ad</span> <span class='ocrx_word' id='word_1_302' title='bbox 1296 3664 1349 3702; x_wconf 88' lang='grc' dir='ltr'><strong><em>ιιι.</em></strong></span> 
     </span>
     <span class='ocr_line' id='line_1_38' title="bbox 250 3730 1349 3809; baseline -0.004 -17"><span class='ocrx_word' id='word_1_303' title='bbox 250 3731 325 3793; x_wconf 85' lang='lat' dir='ltr'>num</span> <span class='ocrx_word' id='word_1_304' title='bbox 344 3735 437 3798; x_wconf 84' lang='grc'><strong><em>2262.</em></strong></span> <span class='ocrx_word' id='word_1_305' title='bbox 461 3731 611 3794; x_wconf 87' lang='lat' dir='ltr'>diluvium</span> <span class='ocrx_word' id='word_1_306' title='bbox 634 3735 808 3794; x_wconf 84' lang='lat' dir='ltr'>submoveat</span> <span class='ocrx_word' id='word_1_307' title='bbox 828 3735 1005 3809; x_wconf 79' lang='lat' dir='ltr'>Africanus,</span> <span class='ocrx_word' id='word_1_308' title='bbox 1034 3742 1064 3792; x_wconf 92' lang='lat' dir='ltr'>et</span> <span class='ocrx_word' id='word_1_309' title='bbox 1082 3730 1197 3792; x_wconf 84' lang='lat' dir='ltr'>diluvio</span> <span class='ocrx_word' id='word_1_310' title='bbox 1219 3745 1349 3788; x_wconf 82' lang='lat' dir='ltr'>mersum</span> 
     </span>
     <span class='ocr_line' id='line_1_39' title="bbox 249 3810 1349 3918; baseline -0.006 -38"><span class='ocrx_word' id='word_1_311' title='bbox 249 3818 325 3880; x_wconf 79' lang='lat' dir='ltr'>velit</span> <span class='ocrx_word' id='word_1_312' title='bbox 342 3817 406 3897; x_wconf 84' lang='lat' dir='ltr'>ipse</span> <span class='ocrx_word' id='word_1_313' title='bbox 431 3815 576 3894; x_wconf 87' lang='lat' dir='ltr'>Georgius</span> <span class='ocrx_word' id='word_1_314' title='bbox 582 3820 732 3918; x_wconf 57' lang='lat' dir='ltr'>;,colligit</span> <span class='ocrx_word' id='word_1_315' title='bbox 753 3819 876 3879; x_wconf 87' lang='lat' dir='ltr'>insimul</span> <span class='ocrx_word' id='word_1_316' title='bbox 895 3820 1038 3897; x_wconf 78' lang='lat' dir='ltr'>Georgius</span> <span class='ocrx_word' id='word_1_317' title='bbox 1054 3817 1132 3875; x_wconf 87' lang='lat' dir='ltr'>idem</span> <span class='ocrx_word' id='word_1_318' title='bbox 1148 3810 1349 3873; x_wconf 83' lang='lat' dir='ltr'>ldatbusalsm</span> 
     </span>
     <span class='ocr_line' id='line_1_40' title="bbox 249 3898 1349 3983; baseline -0.005 -20"><span class='ocrx_word' id='word_1_319' title='bbox 249 3922 289 3963; x_wconf 84' lang='lat' dir='ltr'>ex</span> <span class='ocrx_word' id='word_1_320' title='bbox 303 3899 436 3963; x_wconf 77' lang='lat' dir='ltr'>Africani</span> <span class='ocrx_word' id='word_1_321' title='bbox 450 3901 524 3960; x_wconf 83' lang='lat' dir='ltr'>salso</span> <span class='ocrx_word' id='word_1_322' title='bbox 537 3914 669 3981; x_wconf 86' lang='lat' dir='ltr'>supputo</span> <span class='ocrx_word' id='word_1_323' title='bbox 684 3908 755 3970; x_wconf 86' lang='lat'><strong>989.</strong></span> <span class='ocrx_word' id='word_1_324' title='bbox 768 3925 862 3963; x_wconf 88' lang='lat' dir='ltr'>annos</span> <span class='ocrx_word' id='word_1_325' title='bbox 874 3905 1013 3983; x_wconf 83' lang='lat' dir='ltr'>attigisse,</span> <span class='ocrx_word' id='word_1_326' title='bbox 1036 3900 1120 3980; x_wconf 90' lang='lat' dir='ltr'>qnasi</span> <span class='ocrx_word' id='word_1_327' title='bbox 1133 3898 1277 3957; x_wconf 83' lang='lat' dir='ltr'>nimirum</span> <span class='ocrx_word' id='word_1_328' title='bbox 1291 3919 1349 3957; x_wconf 86' lang='lat' dir='ltr'>su·</span> 
     </span>
     <span class='ocr_line' id='line_1_41' title="bbox 248 3983 1348 4064; baseline -0.004 -17"><span class='ocrx_word' id='word_1_329' title='bbox 248 4007 322 4047; x_wconf 88' lang='lat' dir='ltr'>num</span> <span class='ocrx_word' id='word_1_330' title='bbox 338 3986 467 4046; x_wconf 87' lang='lat' dir='ltr'>natalem</span> <span class='ocrx_word' id='word_1_331' title='bbox 488 3984 669 4047; x_wconf 82' lang='lat' dir='ltr'>Mathusalae</span> <span class='ocrx_word' id='word_1_332' title='bbox 687 3990 793 4048; x_wconf 89' lang='lat' dir='ltr'>mundi</span> <span class='ocrx_word' id='word_1_333' title='bbox 811 3995 902 4055; x_wconf 84' lang='grc'><strong><em>1273.</em></strong></span> <span class='ocrx_word' id='word_1_334' title='bbox 925 4009 992 4047; x_wconf 89' lang='lat' dir='ltr'>cum</span> <span class='ocrx_word' id='word_1_335' title='bbox 1010 3984 1137 4064; x_wconf 84' lang='lat' dir='ltr'>Georgio</span> <span class='ocrx_word' id='word_1_336' title='bbox 1154 3983 1348 4043; x_wconf 79' lang='lat' dir='ltr'>existimave-</span> 
     </span>
     <span class='ocr_line' id='line_1_42' title="bbox 248 4067 1347 4153; baseline -0.005 -20"><span class='ocrx_word' id='word_1_337' title='bbox 248 4073 305 4149; x_wconf 87' lang='lat' dir='ltr'>rit,</span> <span class='ocrx_word' id='word_1_338' title='bbox 326 4081 358 4132; x_wconf 88' lang='lat' dir='ltr'>st</span> <span class='ocrx_word' id='word_1_339' title='bbox 380 4091 449 4132; x_wconf 90' lang='lat' dir='ltr'>cum</span> <span class='ocrx_word' id='word_1_340' title='bbox 468 4070 573 4132; x_wconf 85' lang='lat' dir='ltr'>eodem</span> <span class='ocrx_word' id='word_1_341' title='bbox 592 4073 719 4150; x_wconf 85' lang='lat' dir='ltr'>Georgia</span> <span class='ocrx_word' id='word_1_342' title='bbox 741 4074 858 4135; x_wconf 87' lang='lat' dir='ltr'>diluvio</span> <span class='ocrx_word' id='word_1_343' title='bbox 876 4081 997 4153; x_wconf 88' lang='lat' dir='ltr'>raptum</span> <span class='ocrx_word' id='word_1_344' title='bbox 1016 4090 1096 4130; x_wconf 88' lang='lat' dir='ltr'>anuo</span> <span class='ocrx_word' id='word_1_345' title='bbox 1123 4067 1229 4128; x_wconf 87' lang='lat' dir='ltr'>mundi</span> <span class='ocrx_word' id='word_1_346' title='bbox 1251 4073 1347 4136; x_wconf 79' lang='grc'><strong><em>2262.</em></strong></span> 
     </span>
     <span class='ocr_line' id='line_1_43' title="bbox 248 4166 372 4219; baseline 0.008 -1"><span class='ocrx_word' id='word_1_347' title='bbox 248 4166 372 4219; x_wconf 82' lang='lat' dir='ltr'>statuat.</span> 
     </span>
    </p>

    <p class='ocr_par' dir='ltr' id='par_1_10' title="bbox 249 4235 1345 4496">
     <span class='ocr_line' id='line_1_44' title="bbox 322 4235 1345 4327; baseline -0.008 -23"><span class='ocrx_word' id='word_1_348' title='bbox 322 4239 400 4322; x_wconf 82' lang='grc' dir='ltr'>Ἒτη</span> <span class='ocrx_word' id='word_1_349' title='bbox 414 4236 490 4324; x_wconf 73' lang='grc' dir='ltr'><strong><em>φλγ’.</em></strong></span> <span class='ocrx_word' id='word_1_350' title='bbox 510 4239 593 4323; x_wconf 62' lang='grc' dir='ltr'><strong><em>μέχρι</em></strong></span> <span class='ocrx_word' id='word_1_351' title='bbox 605 4245 660 4305; x_wconf 76' lang='lat' dir='ltr'>rori</span> <span class='ocrx_word' id='word_1_352' title='bbox 673 4235 789 4327; x_wconf 58' lang='lat' dir='ltr'>ficosi]</span> <span class='ocrx_word' id='word_1_353' title='bbox 812 4241 875 4302; x_wconf 84' lang='lat' dir='ltr'>Nisi</span> <span class='ocrx_word' id='word_1_354' title='bbox 895 4241 974 4317; x_wconf 83' lang='lat' dir='ltr'>Noe,</span> <span class='ocrx_word' id='word_1_355' title='bbox 996 4239 1064 4301; x_wconf 84' lang='lat' dir='ltr'>vice</span> <span class='ocrx_word' id='word_1_356' title='bbox 1083 4236 1266 4314; x_wconf 85' lang='lat' dir='ltr'>blstbusals,</span> <span class='ocrx_word' id='word_1_357' title='bbox 1287 4257 1345 4296; x_wconf 84' lang='lat' dir='ltr'>no·</span> 
     </span>
     <span class='ocr_line' id='line_1_45' title="bbox 249 4321 1344 4406; baseline -0.007 -22"><span class='ocrx_word' id='word_1_358' title='bbox 249 4344 316 4385; x_wconf 83' lang='lat' dir='ltr'>rnen</span> <span class='ocrx_word' id='word_1_359' title='bbox 333 4328 515 4406; x_wconf 70' lang='lat' dir='ltr'>reposuerint</span> <span class='ocrx_word' id='word_1_360' title='bbox 536 4328 621 4388; x_wconf 85' lang='lat' dir='ltr'>nulla</span> <span class='ocrx_word' id='word_1_361' title='bbox 633 4327 688 4386; x_wconf 91' lang='lat' dir='ltr'>tibi</span> <span class='ocrx_word' id='word_1_362' title='bbox 703 4327 736 4386; x_wconf 92' lang='lat' dir='ltr'>in</span> <span class='ocrx_word' id='word_1_363' title='bbox 754 4326 853 4386; x_wconf 85' lang='lat' dir='ltr'>verbis</span> <span class='ocrx_word' id='word_1_364' title='bbox 874 4335 903 4386; x_wconf 89' lang='lat' dir='ltr'>at</span> <span class='ocrx_word' id='word_1_365' title='bbox 925 4325 1058 4386; x_wconf 89' lang='lat' dir='ltr'>numeris</span> <span class='ocrx_word' id='word_1_366' title='bbox 1076 4323 1270 4406; x_wconf 89' lang='lat' dir='ltr'>sequentibus</span> <span class='ocrx_word' id='word_1_367' title='bbox 1291 4321 1344 4378; x_wconf 86' lang='lat' dir='ltr'>lux</span> 
     </span>
     <span class='ocr_line' id='line_1_46' title="bbox 250 4404 1343 4496; baseline -0.004 -27"><span class='ocrx_word' id='word_1_368' title='bbox 250 4408 411 4491; x_wconf 80' lang='lat' dir='ltr'>effulgebit.</span> <span class='ocrx_word' id='word_1_369' title='bbox 454 4413 484 4473; x_wconf 86' lang='lat' dir='ltr'>la</span> <span class='ocrx_word' id='word_1_370' title='bbox 500 4412 580 4474; x_wconf 84' lang='lat' dir='ltr'>enim</span> <span class='ocrx_word' id='word_1_371' title='bbox 593 4433 656 4474; x_wconf 89' lang='lat' dir='ltr'>uon</span> <span class='ocrx_word' id='word_1_372' title='bbox 673 4421 718 4474; x_wconf 86' lang='lat' dir='ltr'>est</span> <span class='ocrx_word' id='word_1_373' title='bbox 737 4411 881 4490; x_wconf 79' lang='lat' dir='ltr'>Lamech,</span> <span class='ocrx_word' id='word_1_374' title='bbox 903 4411 956 4493; x_wconf 89' lang='lat' dir='ltr'>qui</span> <span class='ocrx_word' id='word_1_375' title='bbox 968 4421 1128 4496; x_wconf 75' lang='lat' dir='ltr'>postquam</span> <span class='ocrx_word' id='word_1_376' title='bbox 1144 4431 1162 4470; x_wconf 90' lang='lat' dir='ltr'>a</span> <span class='ocrx_word' id='word_1_377' title='bbox 1179 4418 1266 4489; x_wconf 83' lang='lat' dir='ltr'>patra</span> <span class='ocrx_word' id='word_1_378' title='bbox 1279 4404 1343 4465; x_wconf 83' lang='lat' dir='ltr'>lda-</span> 
     </span>
    </p>
   </div>
   <div class='ocr_carea' id='block_1_8' title="bbox 0 0 1560 4959">
    <p class='ocr_par' dir='ltr' id='par_1_11' title="bbox 0 0 1560 4959">
     <span class='ocr_line' id='line_1_47' title="bbox 0 0 1560 4959; baseline 0 4"><span class='ocrx_word' id='word_1_379' title='bbox 0 0 1560 4959; x_wconf 95' lang='lat' dir='ltr'> </span> 
     </span>
    </p>
   </div>
  </div>
 </body>
</html>
