3109 4959
564 476 622 547 Er
642 474 993 549 ANNOTATIONES.
1240 466 1314 543 631

195 684 196 689 ,
229 640 331 714 aperte
344 632 427 694 velat
438 632 556 695 firmam
568 632 714 717 epocham
726 654 793 718 pag
804 633 920 702 311..C
943 631 1066 697 Numeri
1079 632 1188 694 mutati
1199 651 1360 695 causam

227 717 611 867 ibidu'lisiidldscdlduihri'
525 796 620 879 ’ἳτξι
636 806 761 902 ,πρῶτον
781 800 930 886 ἀμφοῖν]
955 803 1053 863 Iocus
1073 811 1251 909 corruptqs,
1271 800 1364 863 itaV.
1379 809 1415 868 70
1475 828 1478 833 ·

226 886 393 993 quondam
390 896 427 946 ut
442 889 569 949 arbitror
574 888 722 991 scriptus.
758 887 899 950 ἐνιαυτοῦ
912 911 975 951 τον
954 880 1047 962 τξά.
1038 892 1181 994 πρῶτον
1193 884 1315 991 ἡμερῶν

225 966 332 1047 ὄντος,
354 970 407 1033 sol
420 967 584 1055 nspld'ff
556 998 593 1035 α.
586 971 739 1055 .ἡμιόας.·
761 993 800 1032 ex
821 992 880 1052 quo
895 972 970 1032 vitio
983 964 1072 1045 ουτος
1084 994 1167 1071 παρα
1159 968 1231 1034 λα
1244 976 1316 1052 μιᾶς

224 1064 282 1115 etc.
305 1075 434 1135 expense
445 1058 620 1162 reponitur
642 1058 783 1121 ἐνιαυτοῦ
799 1080 854 1121 τοο
841 1058 1049 1159 τριακοσίων
1066 1050 1208 1163 ἑξκὶκοντα
1226 1054 1315 1121 niara

117 1223 124 1233 ·
223 1141 343 1244 πρῶτον
356 1139 477 1222 ἡμερῶν
494 1139 593 1217 ὄντος,
615 1142 666 1204 καὶ
680 1142 753 1247 περὶ
761 1136 991 1247 τεταρτομόριον
1004 1164 1076 1221 μιας
1087 1139 1209 1222 ἡοὲριις.

300 1218 387 1296 “Herc
402 1223 477 1287 nard
491 1222 547 1304 τάν
562 1221 623 1289 κθ’.
634 1250 689 1289 τον
677 1220 883 1311 Αάγοάστοο
898 1223 994 1307 μηνός
1006 1222 1186 1306 συμπίπτει]
1206 1224 1315 1299 Mente,

224 1306 413 1384 atarbitrur,
436 1330 500 1369 non
515 1313 607 1373 sacto.
649 1312 754 1371 Annus
768 1313 848 1371 cuim
862 1311 1023 1391 Aegyptius
1038 1310 1143 1369 diebus
1157 1311 1228 1368 solis
1243 1312 1316 1375 365.

224 1400 379 1467 constans,
401 1414 457 1453 nec
472 1395 705 1456 intercalationis
722 1397 781 1455 dici
797 1406 867 1476 post
880 1417 974 1457 anrros
994 1398 1124 1474 quotuor
1137 1413 1316 1474 componen-

223 1474 262 1533 do
276 1495 329 1533 sex
343 1475 484 1537 horarum
500 1500 651 1539 excessum
665 1481 825 1539 admittens
838 1491 906 1539 ante
919 1480 1043 1556 Augusti
1059 1487 1203 1557 tempora,
1224 1478 1315 1535 adeo

225 1578 284 1637 que
303 1570 373 1639 post
389 1564 614 1640 quadriennium
629 1563 729 1624 'lhoth
740 1585 828 1624 suurn
840 1563 1045 1626 transferens
1035 1584 1068 1621 ιιι
1081 1582 1159 1622 ιιιιιι
1143 1561 1223 1621 fixi
1237 1561 1316 1621 diem

223 1644 419 1723 anteriorffcm
448 1650 645 1709 revolutionis
664 1670 734 1708 suae
747 1646 951 1745 principium,
973 1658 1003 1706 ct
1022 1646 1175 1707 redeuntis
1199 1648 1317 1726 periodi

224 1747 371 1788 annorum
398 1733 828 1831 1460.primumte1nrinum
851 1753 1000 1813 nusquam
1020 1733 1093 1791 olim
1111 1731 1215 1790 habuit
1236 1731 1316 1790 diam

222 1810 349 1890 Augusti
365 1820 417 1879 29.
434 1817 598 1892 quinimmo
612 1818 757 1878 circuitus
774 1818 856 1878 illius
874 1818 965 1878 cardo
978 1817 1026 1875 vel
1041 1816 1155 1896 primus
1168 1815 1254 1873 limes
1275 1814 1314 1874 ad

222 1896 380 1955 Caniculae
398 1900 512 1976 Sydus,
541 1901 648 1959 Sothin
670 1904 705 1959 ab
732 1903 886 1979 Aegyptiis
908 1910 1114 1979 nuncupatum
1135 1898 1220 1955 annis
1243 1908 1314 1957 ante

221 1980 394 2039 memoriam
410 1983 576 2042 labentibus
595 1984 793 2058 referebatur,
818 1993 853 2043 ut
872 1983 1016 2063 Georgius
1032 1982 1141 2042 author
1157 1990 1203 2040 cst
1217 2002 1246 2060 p.
1262 1983 1314 2050 40.
1411 1986 1413 1991 ’

220 2064 254 2123 Β.
275 2066 412 2143 idemque
425 2068 524 2127 llorus
537 2069 663 2149 Apollo,
687 2079 716 2127 et
730 2067 915 2149 Porphyrius
931 2069 962 2127 in
978 2071 1073 2136 Antro
1084 2076 1241 2126 testantur.
1262 2068 1315 2125 Pe·

220 2149 302 2209 riodi
316 2160 414 2208 tamen
424 2152 502 2211 illius
512 2172 658 2213 annorum
673 2154 763 2218 1460.
778 2154 935 2212 exordium
947 2152 1122 2212 viderentur
1134 2151 1314 2210 haecGeor·

221 2234 263 2312 gii
280 2234 370 2294 verba
386 2237 423 2294 ad
438 2238 562 2313 Augusti
576 2238 654 2297 diem
671 2243 721 2303 29.
734 2237 906 2314 astringere,
918 2236 978 2295 nisi
991 2237 1125 2313 neglecto
1140 2255 1210 2315 prae
1223 2244 1315 2295 vetu-

220 2328 296 2377 state
310 2321 403 2399 priori
420 2322 580 2381 Caniculae
597 2322 736 2397 cardine,
758 2322 840 2400 quod
851 2322 910 2379 iam
925 2320 997 2378 anni
1010 2320 1183 2399 Aegyptiaci
1197 2320 1315 2399 prinei·

219 2403 304 2484 pium
318 2406 349 2462 in
363 2406 491 2485 spatium
505 2407 635 2466 anterius
646 2426 707 2465 non
722 2404 901 2477 retrahatur,
922 2406 997 2464 alius
1009 2404 1061 2463 hic
1075 2406 1148 2479 dies,
1170 2404 1314 2464 nimirum

220 2490 349 2566 Augusti
367 2496 417 2557 29.
437 2500 470 2549 ut
485 2493 555 2550 anni
571 2492 590 2550 s
592 2491 625 2550 xi
640 2489 786 2549 terminus
798 2500 842 2549 est
854 2490 997 2550 immotus
1009 2499 1040 2549 et
1050 2488 1179 2563 stabilis,
1200 2488 1244 2547 ita
1255 2509 1312 2568 pa·
1329 2489 1358 2542 P
1377 2487 1411 2543 77

220 2573 296 2634 riter
311 2575 338 2631 si
351 2594 443 2651 vagus
457 2585 534 2634 essct
546 2585 575 2635 et
589 2577 737 2647 incertus,
766 2575 920 2634 eiusdem
911 2595 943 2633 ιιι
963 2583 1064 2654 partes
1079 2575 1195 2654 priores
1212 2582 1314 2633 retro·

221 2676 322 2717 cessus
340 2658 424 2719 liures
439 2661 555 2741 primus
574 2671 603 2721 et
620 2660 711 2721 carelo
724 2671 795 2739 post
808 2659 935 2739 Augusti
948 2659 1080 2719 Caesaris
1093 2668 1211 2787 tempus
1227 2657 1314 2762 cogi·

219 2742 335 2802 tatione
349 2744 567 2849 conciperetur.

303 2826 354 2902 Ὡς
375 2828 486 2907 ἔτυχεν
494 2822 757 2907 ἀποκαταστῆναι]
778 2824 847 2886 Νοιι
866 2834 1032 2887 restaurata
1044 2833 1076 2885 et
1088 2824 1232 2886 redeunte
1254 2845 1312 2884 an·

221 2930 331 2971 norum
354 2912 444 2977 1450.
465 2913 503 2971 ad
524 2914 603 2973 diem
623 2912 749 2989 Augusti
763 2916 816 2979 29.
827 2911 976 3009 periodo,
998 2910 1050 2969 sed
1066 2912 1137 2968 anni
1152 2908 1253 2969 'thoth
1273 2908 1313 2970 ad

220 3014 288 3055 eum
304 2994 402 3053 diem
393 3017 424 3056 ιιι
440 3008 619 3078 perpetuum
635 2997 789 3075 colligato,
810 2996 837 3054 si
854 3015 929 3074 quae
941 2995 1081 3092 deinceps
1100 2994 1272 3074 lingitur
1246 3014 1311 3054 erus

218 3080 313 3161 priori
325 3101 408 3139 rnore
421 3084 587 3160 divagantis
605 3081 821 3179 inconstantia,
844 3081 928 3141 velut
944 3079 995 3139 hic
1014 3080 1145 3182 primum
1162 3080 1309 3147 instituta.

220 3164 329 3223 abhoc
344 3186 461 3245 quoque
474 3168 571 3249 primo
583 3166 711 3225 termino
731 3165 884 3223 effluxisse
902 3166 1055 3265 cogitetur.
1098 3157 1311 3245 ἀποκαθιστᾶν

220 3248 298 3309 ειιὶιιι
313 3270 376 3309 non
392 3246 605 3315 ἀνακαλεῖσθαι
614 3250 718 3324 modo,
740 3250 792 3307 sed
807 3257 837 3307 et
848 3243 1063 3324 ἐπισκευάζειν,
1086 3255 1117 3305 et
1127 3248 1311 3343 καταστίζειν

220 3354 299 3411 esse,
324 3355 453 3394 necnon
469 3336 590 3415 insuper
605 3327 843 3397 circumdatorum
859 3353 920 3391 non
941 3332 986 3391 rei
1000 3340 1115 3389 tantum
1129 3331 1163 3388 in
1176 3331 1310 3410 priorem
1366 3408 1370 3417 .

219 3380 329 3479 statdm
346 3419 576 3497 restitutionem,
598 3419 651 3478 sed
670 3428 700 3479 et
716 3418 904 3477 turbulentae
924 3426 957 3476 et
973 3424 1139 3474 commotae
1152 3414 1311 3475 subsiden-

218 3504 292 3563 tiam
313 3514 343 3563 et
364 3506 549 3584 pacationem
571 3504 738 3583 significare
757 3502 938 3562 demonstrat
961 3500 1114 3559 Budaeus.
1144 3518 1237 3578 quare
1257 3498 1310 3577 qui

217 3608 313 3665 vagus
326 3597 355 3647 et
370 3610 470 3650 errans
485 3590 618 3665 sistitur,
640 3598 670 3649 et
689 3589 727 3647 ad
741 3588 917 3691 deputatum
936 3587 1096 3645 terminum
1114 3583 1229 3643 stabilis
1249 3598 1310 3643 co·-

217 3671 339 3816 {ibatur
353 3694 447 3736 annus
456 3719 465 3754 ,
486 3674 560 3735 mihi
574 3674 655 3757 apud
668 3664 872 3735 Authorem’
852 3673 1095 3752 αποκαταστῆναι
1105 3668 1180 3731 bens
1197 3686 1309 3749 apprs-
1410 3698 1421 3711 ·

240 3758 369 3819 auditur.
468 3776 472 3783 ·

303 3840 390 3906 Κατά
404 3837 471 3909 siis
483 3835 579 3930 τοοά.
596 3836 871 3922 ἕιοςτοῦκάσμοο.]
891 3838 997 3900 Varius
1014 3846 1072 3914 est,
1095 3856 1150 3896 nec
1166 3836 1223 3896 sibi
1236 3854 1308 3895 con·

216 3928 326 3985 stans
315 3948 349 3986 ιιι
364 3906 493 3989 numerii
510 3929 672 4007 Georgius,
695 3946 764 3986 cum
778 3926 907 3985 maxima
916 3943 981 3984 ram
995 3942 1059 3983 eam
1072 3929 1196 3997 metat,
1218 3920 1307 3979 cuius

216 4020 376 4090 computus
387 4034 449 4073 non
462 4014 539 4073 idem
548 4014 605 4074 sibi
619 4032 687 4072 curn
699 4011 868 4073 Authoram
882 4017 1042 4089 computo,
1054 4025 1182 4086 quorum
1195 4005 1308 4107 scripta

217 4114 284 4156 aum
304 4098 442 4159 evolvere
463 4099 521 4159 tuit
537 4118 663 4158 necesse.
706 4090 851 4175 Exemplo
865 4103 936 4162 suot
949 4093 1023 4153 haec
1045 4091 1137 4151 verbs
1150 4111 1226 4152 κατα
1217 4083 1308 4151 etas

217 4173 313 4265 ενοά.
336 4179 417 4259 ἔτος,
439 4204 506 4244 cum
521 4184 679 4243 nonnullas
696 4190 765 4241 ante
784 4180 875 4239 lineas
888 4176 964 4242 κατά
977 4201 1011 4240 το
1004 4170 1127 4261 evoti.
1149 4174 1213 4248 ἔτος
1233 4171 1308 4233 scri-

216 4266 321 4345 pserit.
348 4266 406 4325 llic
422 4268 556 4347 Georgii,
578 4270 655 4329 alter
674 4265 822 4326 Panodori
835 4274 977 4324 numerus
990 4260 1148 4341 proprius:
1138 4255 1310 4335 .etligaris

215 4350 288 4410 licet
310 4350 413 4411 affines
437 4355 533 4434 spatio
558 4362 654 4414 tamen
674 4371 822 4412 antrorum
836 4357 947 4430 septem
963 4347 1016 4408 ve}
1029 4354 1099 4405 octo
1122 4341 1259 4403 dissitiea
1278 4358 1311 4400 se

217 4433 347 4498 invicem
359 4446 536 4518 arguuntur.
569 4439 627 4499 lter
641 4437 809 4520 paradoxa,
830 4442 919 4495 scuta
936 4430 1057 4511 Georgii
1070 4448 1174 4505 meus,
1194 4434 1224 4487 et
1234 4444 1311 4506 quas
