3109 4959
540 458 599 527 ET
619 454 973 528 ANNOTATIONES.

254 618 284 680 8.
305 614 472 696 Tyrimmas
485 613 571 673 annis
586 613 637 679 45.
659 612 699 673 ad
711 630 823 671 annum
837 613 931 679 4808.

254 711 283 775 4,
305 700 459 761 Perdiccas
477 700 563 757 annis
577 698 628 764 48.
650 697 688 756 sd
702 716 815 756 annum
829 697 924 765 4851.

253 798 284 863 5,
304 786 433 863 Argaeus
447 785 532 843 annis
546 787 597 849 32.
618 783 656 842 ad
671 802 784 842 asinum
796 783 890 848 4883.

254 884 284 947 6,
303 870 461 950 Philippus
476 868 560 927 annis
576 870 628 933 37.
649 866 687 926 ad
703 886 816 925 annum
828 869 921 934 4920.

252 969 283 1031 7,
303 954 436 1034 Aeropes
451 953 536 1012 annis
550 953 600 1017 23.
623 952 661 1011 sel
673 972 785 1011 annum
801 951 895 1017 1943.

253 1055 284 1117 8,
304 1042 421 1099 Alcetas
435 1038 521 1099 annis
536 1043 586 1102 28.
609 1036 649 1096 sd
667 1057 780 1096 anuum
796 1036 892 1102 1971.

253 1141 284 1203 9,
304 1128 450 1204 Amyntas
465 1122 550 1183 antris
561 1121 612 1187 42.
636 1122 673 1183 ad
685 1142 797 1181 anirum
812 1124 907 1187 5013.

255 1224 305 1285 1ο.
325 1209 496 1269 Alexander
513 1206 599 1263 annis
613 1206 663 1273 44.
684 1208 723 1267 ed
735 1226 848 1266 annum
864 1207 957 1272 5057.

256 1308 305 1371 11.
327 1295 484 1354 Perdiccas
500 1290 585 1351 annis
601 1296 651 1357 23.
673 1293 711 1352 ad
727 1312 840 1351 annum
856 1288 952 1358 5080.

256 1394 305 1455 12.
326 1377 490 1439 Archelaus
503 1375 590 1435 annis
605 1377 653 1443 14.
677 1379 715 1437 ad
729 1397 842 1437 annum
856 1375 950 1443 5094.

257 1475 306 1540 13.
327 1465 446 1523 Orestes
462 1461 547 1520 anuis
561 1463 592 1526 3.
612 1464 650 1523 ad
666 1483 778 1523 aurnum
797 1465 892 1527 5099.

258 1558 306 1625 14.
328 1546 493 1607 Archelaus
508 1545 593 1604 aunis
607 1549 638 1615 4.
660 1548 699 1607 ad
715 1567 827 1607 anuum
843 1548 937 1611 5101.

258 1640 307 1709 15.
327 1632 472 1711 Amyntas
487 1650 564 1690 auno
581 1637 607 1697 1.
629 1634 667 1693 ad
681 1652 794 1692 annum
807 1632 902 1695 5102.

258 1729 308 1792 16.
327 1718 487 1777 Pausanias
502 1737 580 1775 anno
596 1723 623 1783 1.
646 1719 684 1777 sd
697 1736 811 1776 arrisum
825 1717 917 1779 5103.

259 1812 307 1875 17.
327 1804 471 1883 Amyntas
484 1802 569 1862 annis
586 1804 616 1868 5.
639 1804 677 1863 sd
691 1820 803 1861 annum
817 1800 911 1866 5108.

258 1896 306 1959 18.
329 1887 459 1967 Argaeus
473 1887 558 1946 aunis
571 1894 600 1952 2.
622 1889 663 1947 sd
675 1905 786 1944 utinum
804 1888 898 1951 5110.

257 1981 307 2045 19.
328 1973 473 2053 Amyntas
488 1972 573 2030 annis
590 1976 640 2037 12.
663 1969 702 2029 ad
715 1990 827 2029 arrarum
841 1970 934 2034 5122.

257 2066 308 2130 20.
329 2058 501 2117 Alexander
515 2074 594 2113 anno
611 2062 638 2119 1.
650 2057 697 2115 ad
712 2074 823 2113 annum
838 2055 934 2119 5123.

256 2150 307 2213 21.
328 2143 513 2201 Ptolemaeus
527 2136 611 2197 annis
623 2144 652 2207 3.
675 2140 714 2199 ad
725 2158 837 2198 annum
853 2140 949 2204 5126.

257 2234 308 2295 22.
331 2226 487 2283 Perdiccas
502 2222 587 2281 annis
601 2228 631 2289 6.
652 2226 690 2284 ad
702 2244 816 2285 annum
831 2224 925 2289 5132.

258 2314 309 2379 28.
330 2308 486 2389 Philippus
500 2308 585 2375 annis
599 2314 652 2375 23.
672 2310 711 2369 ed
727 2328 839 2369 annum
855 2308 949 2376 5155.

120 2405 123 2409 ’
257 2395 308 2465 24.
328 2394 499 2453 Alexander·
513 2392 553 2452 M.
566 2396 651 2454 annis
667 2403 715 2462 12.
737 2394 775 2454 ad
790 2413 903 2453 annum
918 2396 1013 2460 5167.

215 2480 263 2543 Ad
282 2480 422 2539 ultimum
445 2478 610 2539 Alexandri
629 2500 744 2541 annum
764 2499 844 2537 sarno
866 2482 962 2545 5170.
988 2477 1141 2557 figendum
1159 2488 1220 2542 tres
1240 2482 1313 2542 enni

215 2568 335 2629 desunt.
377 2566 439 2625 Aut
461 2564 592 2632 Caranus
611 2584 680 2646 ergo
703 2564 861 2645 propriam
875 2562 1073 2623 Macedonum
1089 2585 1193 2644 regum
1214 2587 1313 2627 aeram

215 2647 393 2727 aretevertit3
415 2658 467 2709 aut
486 2668 503 2707 e
520 2668 624 2726 regum
637 2650 783 2710 aetatibus
795 2658 857 2706 tres
871 2647 990 2706 incaute
1004 2650 1175 2708 numeranti
1188 2652 1313 2711 excide-

214 2746 289 2799 runt
305 2733 385 2795 anni.
416 2732 558 2793 Restituit
573 2752 622 2793 eos
638 2733 788 2794 Diodorus
806 2750 874 2811 pag.
891 2732 1026 2810 sequenti
1040 2742 1071 2791 et
1086 2733 1199 2812 Aegaeo
1213 2735 1314 2793 eremi-

216 2824 263 2884 nis
277 2819 363 2880 istius
376 2818 475 2899 primo
498 2818 574 2878 duos
594 2818 698 2894 addit,
722 2817 880 2895 Orestique
898 2836 1002 2877 unum
1023 2817 1182 2899 Philippus
1199 2840 1238 2879 ex
1257 2820 1314 2879 ad-

218 2927 304 2969 verso
325 2902 459 2963 aluminis
481 2902 595 2983 primus
615 2924 633 2961 a
657 2898 791 2963 Diodoro
812 2900 886 2960 licet
907 2903 988 2961 solos
1004 2903 1137 2984 quinque
1150 2925 1243 2985 supra
1256 2905 1315 2965 tri-

217 2994 300 3071 ginta
313 2988 441 3069 recipiat
458 3007 569 3065 arruns,
591 2986 667 3050 duos
686 2989 812 3067 insuper
828 2986 884 3047 sibi
899 2987 1055 3049 vindicare
1068 3010 1122 3048 suo
1137 2990 1206 3050 loco
1228 2989 1314 3050 visus

218 3086 280 3137 eet:
305 3074 436 3151 adeoque
458 3082 494 3132 ut
517 3072 665 3137 Diodorus
686 3073 806 3150 Georgii
827 3073 1007 3133 laterculum
1029 3074 1186 3137 emendare
1204 3084 1313 3157 potest,

218 3160 262 3219 ita
281 3160 425 3237 Georgius
437 3154 564 3217 Diodori
577 3159 734 3241 proprium
749 3158 896 3217 emaculat
908 3157 966 3217 hoc
980 3169 1079 3237 pacto.

263 3251 291 3311 1.
313 3242 443 3301 Caranus
455 3242 540 3301 annis
552 3245 604 3312 80.
626 3246 663 3304 ab
678 3262 757 3303 anno
774 3242 869 3309 4700.
890 3244 930 3303 ad
947 3246 1041 3311 4730.

263 3337 293 3396 2.
316 3327 432 3385 Coerrus
447 3328 532 3387 annis
547 3332 597 3394 28.
619 3330 658 3389 ad
675 3347 788 3387 annum
802 3327 897 3392 4758.

261 3418 291 3483 8.
312 3411 477 3489 'syrimmas
493 3414 577 3473 anuis
588 3414 639 3481 45.
661 3413 700 3473 ad
716 3431 829 3472 annum
843 3414 937 3478 4803,

261 3502 292 3568 4.
313 3494 470 3557 Perdiccas
483 3498 568 3557 annis
580 3500 630 3565 48.
653 3500 692 3559 ad
707 3516 820 3557 aunum
834 3497 927 3563 4851.

261 3588 292 3655 5.
311 3583 443 3659 Argaeus
457 3581 541 3639 anuis
554 3586 616 3649 34:
630 3584 669 3644 ad
681 3603 793 3643 annum
806 3580 906 3648 4885:

261 3678 292 3741 6.
312 3666 473 3746 Philippus
487 3667 571 3726 annis
586 3672 636 3734 37.
659 3669 697 3728 ad
710 3687 822 3727 annum
836 3668 929 3734 4922.

261 3764 291 3824 7.
312 3753 444 3832 Aeropus
459 3750 544 3810 arenis
558 3756 609 3819 23.
632 3754 670 3813 ad
684 3773 796 3812 anirum
809 3752 903 3817 4945.

262 3847 291 3909 8.
312 3841 457 3917 Amyntas
471 3834 556 3895 annis
568 3840 620 3902 28.
644 3837 683 3897 ad
697 3858 809 3896 annum
822 3838 913 3903 4973.

259 3933 290 3993 9.
311 3924 430 3985 Alcetas
450 3921 535 3981 arenis
550 3921 603 3987 42.
623 3921 665 3981 ad
682 3942 796 3981 anirum
811 3922 907 3987 5015.

263 4015 312 4076 10.
333 4008 503 4068 Alexander
518 4006 603 4065 anuis
618 4007 670 4073 44.
692 4008 731 4066 ad
747 4024 860 4065 annum
873 4009 966 4075 5059.

263 4098 312 4158 11.
333 4094 488 4153 Perdiccas
504 4092 589 4152 annis
604 4094 655 4159 23.
676 4092 714 4151 ad
725 4110 837 4150 antrum
855 4092 950 4159 5082,

264 4179 313 4241 12.
335 4176 496 4240 Archelaus
510 4179 595 4237 aunis
613 4180 664 4243 14.
685 4176 724 4237 ad
739 4196 851 4235 anuum
865 4178 959 4245 5096.

264 4262 313 4325 18.
335 4261 453 4321 Orestes
468 4262 553 4321 annis
566 4262 595 4329 4.
617 4261 656 4321 ad
675 4283 785 4323 eanum
799 4262 892 4328 5100.

264 4345 313 4410 14.
336 4344 498 4405 Archelaus
512 4348 597 4406 annis
615 4348 647 4413 4.
670 4348 709 4407 ad
723 4364 835 4406 annuus
850 4346 945 4411 5104.

264 4429 314 4496 15.
335 4428 479 4509 Amyntas
496 4451 573 4491 anuo
590 4434 618 4497 1.
641 4432 805 4493 adsunam
824 4430 917 4497 5105.
