3109 4959
567 416 1000 507 nrmuorar'mrm.
1221 403 1299 480 oar

215 601 284 644 rum
295 581 478 643 exorientem
491 586 638 638 removet:
661 576 715 657 qni
730 576 824 653 igitur
834 572 984 635 Panodori
996 572 1118 636 calculis
1131 574 1171 635 ad
1184 574 1301 652 regulae

215 666 437 729 Autronomicaa
463 682 552 741 quam
579 671 716 722 accurate
737 659 860 722 directio
880 680 964 719 aerae
993 662 1157 719 eommunia
1177 658 1228 726 42.
1246 671 1301 741 eat,

214 751 293 815 idem
305 751 338 810 in
352 749 471 827 Georgii
483 748 589 807 tabulis
599 746 767 807 tricesimus
779 745 886 807 tertiua
905 744 1051 803 duntaxat
1064 744 1259 807 ordinabitur.

299 833 513 918 Πρωτοκείοεφ
530 830 627 916 ἡμέρᾳ
647 828 725 911 ζωὴν
745 832 778 895 ἐκ
796 834 912 911 νεκρῶν
923 822 1092 909 mirorem]
1115 831 1157 888 Ut
1170 831 1301 892 mundun

213 916 314 981 Martii
334 918 509 979 monstrolio
531 918 581 985 25.
605 917 758 993 conditur,
788 915 889 975 eodem
911 915 1024 992 pariter
1052 912 1101 972 die
1117 913 1150 972 in
1171 914 1302 993 Virginis

213 1012 299 1065 utero
320 1004 476 1063 mortalem
496 1002 588 1061 vitum
608 998 739 1062 Verbum
761 1021 849 1059 carne
869 1000 1010 1058 indutum
1029 999 1158 1078 accepit,
1179 1010 1303 1059 actan-

214 1088 282 1148 denr
297 1108 376 1147 anno
395 1088 447 1152 34.
462 1097 637 1147 recurrente
647 1086 678 1145 in
693 1086 790 1159 ⁸vitam
804 1083 878 1142 lethi
892 1092 1044 1162 expertem
1058 1092 1207 1163 resumpto
1229 1106 1305 1145 cor-

213 1192 286 1255 pore
306 1170 441 1232 Chrirtua
464 1171 554 1231 homo
570 1171 699 1231 feliciter
719 1168 855 1229 transiit:
877 1189 951 1249 quaa
964 1177 1023 1227 trec
1048 1188 1149 1227 ennena
1166 1168 1249 1227 affixi
1265 1168 1305 1228 ad

213 1256 318 1334 Martii,
328 1255 406 1315 diem
422 1256 472 1321 25.
486 1255 558 1315 anni
572 1252 716 1337 principii
729 1253 765 1313 ab
780 1251 878 1333 operia
896 1252 987 1313 huius
1005 1253 1093 1313 initio
1108 1252 1251 1332 Georgiua
1271 1253 1306 1313 in

164 1406 165 1409 ,
213 1341 344 1403 medium
362 1340 498 1399 adduxit.

289 1420 377 1498 Ἥτες
394 1420 441 1487 ciel
457 1426 496 1509 τῇ
509 1416 558 1487 κε’.
574 1427 631 1486 τοῦ
643 1419 788 1503 Μαρτίου
804 1413 919 1501 μηνός]
940 1421 976 1479 ln
998 1440 1057 1499 quo
1073 1421 1233 1499 Georgium
1251 1419 1306 1479 de-

215 1509 277 1591 cipi
298 1510 381 1567 ultro
404 1508 535 1584 citroque
555 1510 593 1566 nd
614 1527 729 1567 menaea
750 1508 898 1565 Romanoa
920 1506 1067 1582 alliganda
1083 1508 1174 1567 Nicen
1192 1505 1308 1566 Iudaici

213 1592 370 1654 neomenia
383 1590 574 1649 demonrtrat.
595 1591 640 1648 llo
654 1590 679 1647 ei
695 1589 793 1648 llartii
811 1590 863 1654 25.
877 1590 1071 1649 devincienda
1086 1612 1202 1673 semper
1216 1591 1308 1649 Niaan

213 1676 385 1751 neomenia,
417 1695 488 1735 eane
515 1673 650 1735 Christus
671 1672 774 1733 Martii
795 1678 845 1739 25.
867 1692 929 1731 non
954 1676 1106 1735 exurrexit
1131 1698 1148 1733 a
1170 1674 1307 1750 mortuis,

101 1828 104 1834 ¹
215 1759 453 1842 quandoquidem
471 1758 562 1819 Niran
573 1758 606 1817 id
626 1767 671 1817 eet
688 1760 786 1817 Lunae
806 1766 959 1836 reparatae
972 1756 1019 1815 die
1034 1763 1083 1822 17.
1101 1757 1134 1816 in
1149 1760 1241 1817 vitam
1256 1777 1308 1817 re-

215 1846 306 1907 diisse
320 1842 477 1905 indubium
494 1854 545 1903 eat.
589 1842 679 1916 Quod
695 1842 789 1921 igitur
802 1841 903 1901 hiartii
920 1841 998 1900 diem
1012 1842 1063 1907 25.
1080 1842 1171 1901 Nicon
1184 1842 1309 1901 novilu-

214 1931 298 1991 nium
308 1929 341 1989 in
350 1940 419 1989 ortu
433 1949 487 1989 auo
503 1927 615 1988 viderit
628 1931 833 2003 coniunctum,
845 1926 925 1987 illud
940 1926 1039 1986 eadem
1053 1946 1170 2009 temper
1180 1927 1309 1987 atatione

214 2016 310 2077 fixum
325 2026 480 2094 perperam
500 2012 666 2071 aestimarit
680 2013 847 2091 syncellus.

299 2100 365 2176 Peg.
387 2099 459 2164 326.
479 2091 546 2159 ’hirei
568 2093 625 2177 γοῖρ
648 2093 682 2159 τὸ
705 2091 740 2159 e'.
762 2095 848 2177 irem]
879 2094 963 2168 Quae
977 2096 1310 2174 sequunturineigniter

215 2182 376 2263 depravato
392 2190 477 2260 aunt,
497 2180 599 2241 acribit
613 2182 750 2241 Patavina
759 2225 768 2258 ,
789 2200 886 2259 neque
899 2180 944 2239 vis
956 2181 1228 2257 argumentationis,
1251 2202 1310 2259 qna

214 2268 405 2331 Punodorum
419 2267 574 2345 Syncellua
587 2277 741 2347 oppugnat
754 2266 1010 2328 animadvertitur.
1046 2265 1310 2325 Emendationibue

215 2352 428 2430 admarginem
444 2351 567 2411 adiectio
583 2353 656 2411 vitia
672 2360 773 2433 petere
789 2353 895 2410 fateor:
918 2348 1061 2410 Authoria
1077 2353 1310 2428 argumentatio·

214 2458 283 2498 uem
298 2436 363 2517 ipae
379 2435 519 2495 Petaviur
532 2435 661 2516 plurima
676 2456 714 2495 ex
727 2445 814 2516 parte
830 2434 970 2515 explicat,
992 2454 1061 2513 para
1076 2437 1170 2496 alteru
1185 2456 1222 2495 ex
1236 2435 1314 2511 suh-A

214 2522 327 2582 iunctio
345 2528 417 2580 nota
436 2520 496 2579 fiet
539 2520 608 2579 ldeo
632 2530 745 2601 reptem
768 2520 854 2579 antris
876 2521 1029 2601 (quaeest
1050 2520 1310 2599 argumentationie

215 2627 332 2667 aumma
348 2625 366 2663 a
381 2605 502 2665 Petavio
525 2605 672 2687 conlecta)
694 2605 794 2665 minuc
813 2614 932 2684 putrere
953 2604 1143 2665 Panodorum
1165 2604 1310 2681 Georgiua

217 2690 349 2762 censuit,
374 2690 540 2769 quodcum
559 2710 638 2751 anno
658 2690 763 2750 mundi
783 2691 876 2757 5458.
898 2689 1050 2766 Augustus
1071 2690 1217 2767 imperare
1239 2708 1311 2747 coe-

216 2776 311 2857 perit,
336 2775 509 2837 Panotlorue
529 2775 620 2842 5451·
640 2777 850 2835 tantummodo
868 2772 1017 2853 posuerit,
1037 2772 1312 2832 mathematicorum

217 2858 368 2920 calculum
386 2870 536 2937 sequutus.
579 2860 694 2932 Quibus
711 2858 826 2918 erudita
841 2866 871 2916 et
882 2856 1031 2916 subtiliter
1049 2878 1065 2914 a
1080 2857 1198 2918 Petavio
1212 2877 1311 2937 erpo--¹

215 2944 282 3005 titia
297 2962 335 3001 ex
353 2942 472 3020 Georgii
493 2942 613 3020 scriptia
633 2941 712 3003 illud
726 2962 743 3002 a
757 2962 805 3001 me
824 2943 1013 3001 observatum
1029 2942 1192 3021 subiungo:
1213 2943 1312 3002 levem

214 3028 277 3089 imo
298 3025 412 3087 nullam
435 3026 637 3087 Astronomici
657 3027 786 3087 Canonia
807 3046 898 3107 penee
921 3026 1081 3104 Georgium
1102 3026 1312 3086 authoritatem

216 3116 359 3188 existere,
386 3110 439 3191 qui
459 3112 700 3173 Eccleaiasticum
722 3133 812 3193 quam
835 3110 965 3173 maxima
990 3112 1099 3190 probat
1118 3120 1149 3170 et
1170 3112 1321 3192 requitur.

215 3196 460 3257 Armouomicum
480 3206 580 3257 autent
599 3206 630 3258 et
649 3196 895 3258 Ecclesiastioum
917 3197 1064 3253 Cononem
1079 3215 1096 3250 a
1112 3196 1237 3273 Georgia
1254 3195 1312 3253 du·

216 3281 326 3363 plicern
354 3280 514 3358 emigrari,
543 3289 573 3340 et
599 3300 693 3341 unum
716 3280 804 3341 alteri
826 3280 1014 3359 suppositum
1034 3278 1138 3338 haberi
1160 3299 1198 3339 ex
1217 3279 1312 3359 ipaiua

217 3362 317 3428 verbio
331 3363 470 3423 coniicito.
510 3363 627 3423 Primus
641 3386 656 3421 a
672 3364 856 3423 Nabonaeari
870 3362 982 3443 epocha
996 3384 1088 3423 annos
1103 3363 1176 3431 424.
1192 3363 1231 3423 ad
1245 3365 1313 3422 Ale.

217 3447 328 3511 xundri
341 3446 455 3507 obitum
473 3446 606 3525 exponit.
648 3448 781 3509 liabetur
798 3468 865 3507 cum
880 3447 1086 3507 Ecclesiastico
1100 3468 1165 3528 pag.
1183 3452 1256 3515 208.
1274 3449 1311 3509 de

217 3544 345 3613 utroque
358 3530 517 3591 mentiofit
532 3531 630 3612 pogio.
651 3536 724 3600 207.
745 3534 777 3592 C.
800 3537 871 3599 226.
893 3532 928 3593 l).
949 3536 1021 3599 231.
1043 3535 1074 3593 C.
1097 3543 1125 3592 et
1144 3533 1224 3597 alibi.
1249 3531 1317 3592 lit--

216 3628 265 3680 ter
276 3617 512 3679 Ptolemaeorum
529 3626 663 3697 tempora
678 3616 718 3677 ad
730 3619 896 3694 Augustum
916 3616 1056 3694 deducit,
1077 3627 1108 3676 et
1121 3617 1158 3676 ah
1176 3619 1309 3695 Augusto
1359 3620 1363 3627 '

216 3702 358 3783 deincepe
372 3699 578 3783 prosequiturt
599 3702 685 3782 isque
697 3711 757 3779 est,
779 3702 816 3761 de
837 3722 895 3782 quo
907 3703 1045 3770 Petaviua
1062 3702 1176 3762 Variar.
1191 3702 1308 3763 disaert.

109 3838 111 3841 ,
217 3785 268 3850 lib.
289 3790 319 3854 8.
339 3808 372 3868 p.
393 3788 466 3851 303.
506 3785 543 3845 ln
564 3784 618 3847 lib.
640 3788 807 3869 προχείρων
823 3781 976 3859 κανόνων,
997 3787 1051 3866 qui
1069 3786 1185 3846 tabulae
1202 3785 1316 3845 hatro-.

217 3870 349 3929 uomicae
370 3869 595 3951 complectitur,
618 3870 718 3929 Caum
739 3872 792 3931 ille
807 3870 1033 3931 Astronomicur
1044 3892 1065 3930 a
1078 3870 1216 3949 Philippo
1233 3870 1310 3929 Ari-

218 3951 292 4011 daeo
311 3954 437 4036 incipit,
458 3964 494 4015 ut
508 3954 541 4013 in
562 3954 643 4015 MSS.
665 3955 816 4014 codicibus
835 3965 973 4035 apparet,
995 3955 1048 4034 qui
1068 3954 1196 4027 Theonis
1217 3954 1307 4014 Com-

217 4038 379 4096 mentarioa
403 4040 445 4113 elo
466 4035 537 4115 τούς
556 4040 730 4122 προχείρους
751 4034 881 4113 κανόνας
907 4039 1056 4103 exhibent
1103 4040 1186 4099 ldem
1214 4039 1308 4118 priori

222 4118 398 4180 coniunctus
414 4132 467 4199 eat,
482 4124 593 4203 dequo
609 4124 746 4203 superine
763 4125 862 4183 fuerat
872 4134 1005 4184 testatus.
1025 4124 1095 4186 Fuit
1108 4122 1189 4203 apud
1202 4125 1309 4184 hetto·

219 4223 327 4265 uomoa
343 4202 376 4261 in
389 4222 447 4263 usu
462 4208 564 4267 Canon
579 4210 716 4288 quidam,
738 4208 802 4268 eive
815 4210 990 4269 laterculum
1009 4230 1129 4287 regum,
1150 4208 1202 4285 qui
1215 4230 1232 4266 a
1245 4210 1309 4267 Na-

219 4289 367 4350 bonaaaro
381 4287 418 4345 ad
426 4288 610 4353 Antoninum
620 4307 713 4373 uaque
725 4304 924 4375 propagaturi
939 4295 1081 4354 nimirum
1097 4292 1136 4351 ed
1150 4293 1309 4353 Ptolemaei

154 4434 156 4442 .
219 4386 363 4457 tempora.
405 4372 446 4432 Ut
468 4374 577 4441 orioria
600 4379 662 4438 eiua
683 4379 777 4458 partia
795 4380 870 4441 alter
894 4389 938 4440 eat
959 4378 1183 4441 Ecclesiasticue
1204 4379 1308 4440 Canon
