3109 4959
284 427 361 503 528
650 438 997 513 EMENDATIONES

285 594 320 661 ἓν
334 588 362 702 ἦ
380 594 400 661 ὅ
421 600 453 658 Χ
450 588 547 679 ριστός
564 591 691 700 ἔκη’ρυξε
707 592 765 677 τήν
777 592 896 701 ,καινην
915 602 971 661 τοῦ
991 591 1180 704 κηρύγματος
1204 593 1367 700 διαθήκην

285 678 396 784 ταύτης
409 622 467 744 «lii²
457 686 529 787 τῆς
523 678 689 784 ἑβδομάδος
702 680 736 743 ἐν
749 704 791 787 τρι
777 676 940 789 ἡμίσει
918 690 1014 763 ηλθεν
1027 680 1122 746 tut
1090 707 1125 746 τυ
1137 679 1301 791 μνστηριον
1313 688 1368 747 τοῦ

285 760 437 841 ττοίθους
421 792 437 829 ο
451 761 548 871 operio
565 766 617 827 καί
635 760 741 847 κύριος
755 742 844 846 ημῶν
855 763 970 847 Ἰησοῦς
985 765 1128 849 Χριστὸς,
1148 761 1217 868 top
1229 767 1320 871 ἤρθη
1335 768 1368 831 tn

285 848 414 955 μέσον
392 875 411 929 η
428 846 478 911 δια
494 849 652 923 Μωῦσίως
664 850 892 932 παραδιδομένη
909 855 1037 954 λατρεία.
1065 852 1099 913 at
1110 848 1180 914 δὲ
1156 876 1191 913 ο
1175 849 1369 997 Aphrodita

285 934 329 1007 είς
354 958 406 997 τον
431 932 482 996 tn
509 938 641 1015 Χριστοῦ
662 940 871 999 constannens
897 931 1009 1043 χρόρον
1030 932 1105 998 κατολ
1128 958 1200 1008 τους
1236 938 1369 999 oviator

285 1012 446 1123 οίριθμούς.
475 1016 631 1082 tustra
594 1042 649 1103 γαρ
662 1043 738 1082 κατα
749 1017 799 1085 so'r
812 1018 990 1100 σεληνιακιίν
1004 1014 1119 1126 δρόμον
1131 1016 1203 1095 τοιίς
1212 1018 1369 1095 ἕνεαυτονς

285 1098 487 1183 ἀριθμοῦσιν,
511 1099 554 1176 o‘ic
566 1104 626 1167 ἔστι
624 1098 797 1207 πρόχειρρν
813 1102 955 1167 sinete
920 1129 975 1167 τον
989 1110 1072 1185 μῆνα
1084 1102 1206 1185 ἡμερῶν
1218 1100 1296 1167 είναι
1307 1100 1368 1167 κθ.

282 1200 325 1249 υ
335 1187 375 1262 τίς
388 1186 579 1266 τοῦἤλιακοῦ
593 1184 705 1256 tristor
717 1184 963 1296 ἔταίρχρκτοςτξί
973 1183 1072 1253 καὶὸ.
1078 1212 1132 1252 τον
1120 1186 1176 1251 et
1192 1192 1370 1295 σεληνιακοῦ

282 1270 354 1336 soti.
364 1268 446 1347 είς
415 1295 466 1334 τον
482 1270 514 1333 δὲ
525 1270 699 1351 σεληνιακυν
712 1270 850 1337 ίνιαντον
862 1270 913 1380 8ρᾶ
926 1268 1241 1378 τουτοᾝλληνεςκαΓ
1236 1277 1369 1337 Ιονθαῖοι

186 1364 220 1417 V.
234 1366 268 1421 69
284 1365 361 1439 τρεῖς
373 1361 470 1438 μῆνας
485 1356 695 1437 ἕμβολιμαίονς
709 1354 832 1421 ἔτεσιν
814 1382 892 1422 orror
884 1354 1171 1441 παρεμβάλλουσιν.
1196 1359 1268 1418 Hoc
1273 1372 1368 1439 porro

276 1454 371 1525 pacto
393 1445 586 1521 septuaginta
609 1441 810 1502 hebdomades
829 1442 1003 1504 distribuet.
1049 1446 1100 1501 Ac
1118 1454 1227 1523 septem
1248 1442 1370 1523 quidem

277 1539 350 1610 poet
371 1526 502 1584 reditum
523 1549 538 1583 e
559 1532 749 1607 captiiitote,
772 1549 869 1607 neque
887 1526 932 1587 ad
948 1532 1012 1588 Dei
1029 1530 1135 1608 templi
1148 1533 1369 1607 reparationem

282 1614 461 1692 assignatio,
483 1622 550 1669 turn
563 1610 643 1671 dnos
655 1624 683 1671 et
694 1616 855 1692 sexaginta
870 1634 935 1672 una
949 1636 1020 1672 cum
1031 1612 1162 1673 reciduie
1175 1624 1283 1692 septem
1299 1624 1370 1671 tern-

278 1701 351 1778 pori
364 1718 424 1777 quo
439 1694 556 1757 Ctnint
570 1700 673 1757 Ducee
689 1698 881 1757 obtinuerunt
894 1701 1107 1779 principatum
1128 1698 1311 1777 imputahiez
1332 1720 1370 1757 ac

282 1779 497 1841 hebdomadem
523 1780 644 1841 tandem
671 1803 765 1841 unam
790 1787 890 1864 spatio
915 1785 982 1862 illi,
1011 1806 1070 1864 quo
1095 1784 1237 1843 Christus
1255 1804 1370 1842 nonunt

281 1868 486 1946 Evangelicae
499 1864 655 1925 doctrinae
657 1867 776 1943 foedae
789 1871 972 1934 enunciavit.
1013 1871 1122 1929 Huius
1136 1881 1240 1926 autern
1254 1867 1370 1926 hebdo-

281 1951 390 2011 mador
409 1950 506 2009 medio
527 1951 572 2009 ad
588 1956 743 2031 paccionis
758 1957 935 2033 mysterium
953 1955 1098 2013 Salvator
1111 1964 1139 2012 et
1154 1952 1303 2013 Donuaus
1316 1975 1370 2012 no·

279 2048 340 2095 oter
365 2036 447 2097 leons
473 2033 613 2097 Giniotus
636 2042 762 2097 accessit
771 2061 868 2120 ,quo
892 2038 1027 2098 traditus
1045 2060 1102 2118 per
1122 2039 1245 2115 Moysen
1265 2038 1371 2096 cultus

279 2122 422 2179 sublatus
442 2132 493 2183 est.
529 2120 612 2202 (Alia
632 2122 766 2203 ratione)
787 2126 982 2203 septuaginta
1000 2119 1199 2181 hebdomades
1214 2123 1304 2179 iuxta
1320 2122 1371 2182 to.

279 2204 424 2263 dierorum
446 2207 611 2264 calculos
599 2228 630 2265 m
656 2209 772 2267 Christi
793 2220 911 2287 tempus
932 2206 1080 2269 desinunt.
1124 2206 1177 2265 Illi
1194 2208 1306 2305 quippe
1324 2203 1371 2264 ad

278 2294 416 2351 lunarem
432 2310 555 2347 cursum
569 2313 664 2348 nrnnn
681 2303 876 2369 componunt,
898 2289 973 2349 adeo
995 2302 1030 2350 ut
1045 2310 1173 2349 manem
1188 2292 1301 2369 uiginti
1314 2312 1370 2349 no·

276 2395 341 2435 rem
357 2374 473 2432 dicrum
488 2395 555 2431 cum
570 2374 666 2433 medio
682 2375 814 2453 expedite
828 2388 983 2434 asserant:
1005 2377 1102 2434 solari
1112 2377 1260 2433 nimirum
1268 2378 1370 2454 perio·

276 2456 317 2517 do
341 2456 447 2517 dicbus
469 2462 541 2524 365.
563 2480 631 2517 cum
654 2458 716 2517 diei
729 2471 826 2539 parte
841 2462 870 2526 4.
892 2462 1043 2541 conflatae
1069 2463 1177 2519 lunari
1194 2481 1263 2519 uero
1281 2460 1370 2518 colli-

272 2542 405 2622 gendae,
425 2541 470 2601 ad
486 2544 559 2609 354.
579 2547 730 2622 impensio.
770 2549 821 2603 Er
837 2566 898 2624 qno
910 2548 954 2623 fit
976 2558 1012 2603 ut
1033 2543 1079 2604 ad
1095 2547 1233 2604 lunarem
1251 2565 1369 2608 annum

269 2635 341 2707 poet
351 2624 448 2687 auitos·
460 2640 526 2687 octo
541 2640 600 2686 tres
609 2650 720 2688 menses
728 2634 876 2688 insititios
889 2650 953 2689 una
966 2651 1037 2689 curn
1045 2632 1171 2689 Graecia
1181 2627 1290 2689 Iudaei
1302 2627 1371 2688 ad·-

273 2716 393 2772 iicieint.
436 2713 569 2779 Secundo
590 2712 663 2772 hoec
684 2714 720 2774 de
741 2714 979 2775 hebdomadibus
994 2716 1139 2775 sententie
1155 2714 1282 2775 totidem
1296 2734 1370 2776 ver-

273 2797 319 2857 bie
335 2798 371 2856 ob
386 2798 525 2857 Africano
541 2798 683 2859 scribitur
696 2820 761 2879 pag
778 2804 852 2866 383.
869 2800 902 2864 B.

279 2902 281 2905 ·
360 2881 460 2963 Μέχρι
483 2887 538 2961 τῆς
557 2878 735 2963 Αὔγουστον
755 2885 807 2946 καὶ
823 2880 981 2947 Ἀντοινίου
1004 2884 1177 2965 βασιλείας]
1210 2881 1369 2962 Quomodo

275 2987 297 3023 a
314 2988 404 3043 roceto
426 2966 569 3039 Antonii,
592 2968 697 3025 obiicit
711 2969 857 3045 Scaliger:
879 2969 1013 3046 intelligo
1026 2970 1103 3028 ad
1078 2990 1140 3029 erus
1159 2970 1250 3029 tillem
1262 2979 1292 3029 et
1307 2972 1370 3029 tln·

275 3052 351 3110 tonii
374 3051 498 3112 obitum.
544 3051 656 3109 Vellem
676 3063 834 3133 propterea
849 3053 902 3115 καί
916 3048 1077 3116 Ἀντωνίον
1095 3064 1296 3160 expunctum.
1318 3062 1371 3114 out

276 3137 488 3214 reponendum.
523 3134 607 3218 μέχρι
627 3136 729 3211 τέλους
748 3142 802 3218 τῆς
825 3133 1003 3241 Αὔγουστον
1025 3137 1078 3201 καί
1100 3134 1260 3201 Ἀντωνίου
1281 3141 1370 3221 βασι·

276 3222 371 3293 λείας·
401 3230 452 3279 aut
471 3220 599 3299 denique
623 3220 706 3305 μέχρι
725 3246 778 3304 της
799 3217 978 3306 Αὐγούστου
1001 3217 1099 3303 μόνον
1123 3225 1291 3305 βασιλείας,
1316 3222 1370 3287 καλ

274 3298 433 3367 Ἀντωνίου
446 3311 591 3385 τελευτῆς.

358 3383 432 3451 Ἀτο
459 3387 492 3451 δὲ
517 3394 640 3465 κτίσεως
661 3385 801 3492 Ῥώμης]
839 3395 936 3453 Ilecta
962 3396 1062 3469 ratio,
1089 3392 1195 3453 scribit
1219 3393 1273 3452 ille
1299 3391 1368 3452 Not.

274 3492 341 3555 pag.
363 3479 435 3538 260.
456 3478 603 3533 nimirum
616 3475 680 3555 adp
682 3482 805 3536 ›rinzurn
827 3499 942 3537 annum
956 3472 1179 3557 Angeniorum.
1220 3477 1256 3537 A
1274 3488 1369 3533 morte

274 3569 376 3617 teretem
395 3558 529 3616 Antonii
550 3564 624 3617 tenni
647 3568 860 3639 Augustorum
894 3562 1006 3643 (verius
1032 3562 1207 3641 protulisset
1227 3558 1367 3641 Augusti)

274 3642 400 3703 Actiaci
415 3653 585 3739 precantur:
614 3645 774 3722 scripserat
787 3647 865 3706 lines
879 3647 1040 3724 supe1iore.
1078 3645 1194 3703 Folsem
1207 3653 1369 3704 tomenre·

274 3728 358 3810 perio
380 3728 525 3785 rationem
542 3727 701 3805 eiusmodi,
723 3730 786 3787 sive
810 3729 848 3787 od
868 3730 1003 3805 Eluebii,
1022 3729 1086 3787 sive
1109 3728 1148 3787 ad
1168 3728 1369 3807 Georgiise'n·

274 3814 397 3871 tentiam
411 3821 440 3871 et
459 3812 591 3871 calculos
608 3834 670 3871 eom
692 3813 987 3872 accommodaverim.
1029 3812 1078 3870 Ad
1097 3812 1216 3872 Eusebii
1236 3812 1368 3893 quidem,

276 3919 328 3977 qus
321 3898 462 3957 'Romam
476 3898 514 3956 cd
531 3917 641 3957 annum
657 3891 791 3955 Abrahae
810 3898 901 3963 1264.
917 3897 1083 3972 conditam,
1104 3897 1229 3957 Antonii
1241 3907 1370 3958 mortem

277 3984 315 4041 od
340 3987 430 4049 1988.
448 3984 553 4059 ref·‚nt
574 3982 634 4042 lroc
650 3992 694 4039 est
713 3982 751 4040 od
771 3983 950 4060 posteriores
968 3982 1041 4048 724.
1056 4002 1166 4041 annos:
1188 3983 1228 4041 od
1248 3982 1368 4062 Georgii

276 4087 347 4126 soro
359 4068 439 4147 ,qui
459 4069 575 4147 vulgari
587 4066 692 4127 mundi
705 4067 798 4132 4754.
810 4068 916 4164 positis
933 4069 1044 4125 Romae
1063 4066 1281 4146 fundamentis,
1303 4068 1369 4127 Au·

277 4148 352 4210 tonii
367 4173 485 4226 necem,
510 4154 598 4213 etism
618 4152 751 4211 Africani
768 4152 873 4211 maiori
892 4161 1009 4211 servato
1030 4151 1165 4227 calculo,
1187 4152 1225 4212 de
1237 4173 1295 4231 qus
1309 4172 1370 4210 no·

276 4238 455 4316 toseptimo
473 4238 668 4319 praecedens,
698 4256 776 4296 enno
799 4238 892 4303 6472.
914 4236 1051 4315 superius
1072 4256 1141 4315 pag.
1155 4240 1229 4303 308.
1244 4238 1281 4299 D.
1299 4236 1370 4294 col-

276 4320 365 4398 legit,
387 4324 457 4381 solis
478 4324 619 4382 videlicet
639 4343 656 4381 a
676 4323 785 4381 Romae
805 4321 930 4381 conditu
946 4326 1019 4387 718.
1037 4322 1132 4381 annis.
1174 4318 1368 4380 Emendrndo

179 4412 264 4470 Pto
280 4406 379 4484 itaque
390 4406 504 4485 textui,
525 4408 648 4472 observo
663 4406 815 4489 Augusti
805 4407 981 4489 rupertum,
1003 4406 1114 4486 dequo
1127 4405 1180 4465 hic
1190 4424 1301 4480 sermo,
1319 4400 1368 4462 vel
