3109 4959
533 440 593 509 ET
613 439 965 515 ANNOTATIONES.
1214 435 1290 513 465
1402 501 1406 511 .

206 588 330 674 ιίστερεΐ,
343 591 444 668 Quoto
458 591 554 674 spatio
571 613 609 655 ex
622 595 777 658 subductis
788 599 901 675 Regum
916 608 947 659 et
956 599 1169 682 Prytaneorum
1182 603 1292 665 amiel

207 670 272 750 σιξ.
288 677 431 756 utiqueet
451 699 513 740 non
531 675 609 760 νμξ.
635 683 793 742 Conclusio
811 683 886 743 haec
896 684 994 744 verbio
1008 686 1133 766 μορίοιν
1148 708 1293 768 praeacu-

205 761 246 816 tie
269 765 425 840 postremis
453 763 606 824 marrileata
628 767 819 846 relinquitur.
870 769 1038 830 Caeterum:
1066 773 1138 829 Hoc
1158 760 1294 835 Diodori

201 846 420 924 fragmentum,
440 848 546 909 sci-ibit
561 849 691 926 Scaliger
702 851 857 912 Animadv.
869 855 976 934 pagina
984 857 1057 922 255.
1069 852 1208 916 debemur
1220 861 1293 920 Eu·

205 928 294 988 eebio.
337 931 436 1010 Longe
448 933 565 1012 quidem
580 935 689 994 certius
705 937 831 1012 Georgio
847 939 984 1016 syncello
998 930 1177 1002 emeruisset.

289 1011 455 1095 Εὔδαμος]
474 1018 620 1078 Emendat
631 1021 744 1100 stylum
756 1021 907 1082 Librarius
916 1043 949 1103 p.
966 1027 1035 1092 180.
1048 1024 1083 1084 Δ.
1095 1034 1125 1083 et
1139 1046 1169 1106 p.
1182 1026 1292 1092 1821).

205 1105 237 1158 et
252 1097 357 1158 ecribit
370 1097 522 1178 Ειιίδημος.

286 1175 492 1263 Ἀριστομίιίης
507 1185 556 1265 ἔτη
570 1179 619 1265 λζ]
641 1186 689 1246 Ex
710 1187 867 1268 utrimque
884 1210 952 1270 pag.
965 1190 1042 1249 locia
1058 1190 1185 1251 hudatia
1197 1211 1294 1272 repo·

204 1262 265 1324 euit
276 1260 484 1347 Ἀριστομήδης
499 1267 549 1349 ἔτη
564 1264 613 1330 λε’.

287 1350 437 1428 Peg-180·
458 1351 550 1414 Είοίν
566 1345 623 1415 οὖν
647 1354 710 1416 οἵδε
732 1353 885 1434 βασιλεῖς]
899 1358 1012 1418 Textus
1023 1358 1293 1420 laterculummeu·

204 1431 326 1506 «losum,
348 1454 400 1508 eo,
423 1436 504 1514 quod
518 1435 557 1495 ad
569 1437 730 1516 marginem
747 1441 926 1520 apponitur,
947 1442 1082 1519 restitui,
1103 1443 1231 1504 eiuadem
1248 1444 1293 1502 ti·

203 1517 285 1576 tulue
301 1519 475 1579 marrileatat.

288 1596 407 1680 Βιίκχης
421 1597 486 1682 λά]
507 1601 633 1662 Librarii
654 1623 753 1679 error,
776 1625 864 1682 quem
889 1608 1019 1683 Scaliger
1041 1609 1174 1686 sequitur
1190 1618 1293 1670 textui

204 1684 311 1764 pagina
333 1689 384 1750 33.
410 1705 469 1764 qua
491 1685 638 1746 Baccheia
665 1687 890 1749 Corinthiorum
909 1711 1011 1769 regum
1033 1693 1171 1771 quintum
1190 1694 1292 1752 atatim
1339 1755 1342 1758 ,

203 1768 334 1848 primum
349 1771 381 1828 in
395 1770 530 1828 laterculi
547 1773 645 1830 fronte
663 1773 800 1831 collocat.

287 1847 406 1933 Βάκχης
420 1853 470 1933 ἔτη
484 1848 550 1934 λβ]
573 1857 715 1935 Superius
730 1857 916 1933 laterculum,
933 1867 969 1916 ut
982 1857 1032 1917 hic
1042 1857 1204 1934 Librarius,
1219 1861 1294 1920 acri-

203 1935 249 1996 tit
262 1931 311 2000 λε’.
327 1959 343 1996 a
356 1938 462 1997 muudi
475 1937 667 2000 nihilomiuus
678 1941 770 2008 4569.
785 1961 846 2020 quo
859 1963 981 2021 reguum
993 1944 1063 2004 iniit
1073 1943 1111 2003 ad
1123 1943 1215 2011 4001.
1232 1963 1294 2024 quo

203 2029 341 2081 mortuae
357 2032 416 2098 eet,
437 2043 499 2082 nou
513 2025 613 2104 plurer
630 2027 681 2091 82.
698 2036 904 2088 numerantur.

289 2103 368 2168 Φασί
384 2105 538 2189 γεγονέναι
555 2106 623 2190 περί
644 2105 864 2192 κρατήσαντα]
894 2109 1004 2169 Vitiosa
1020 2110 1110 2170 lectio
1126 2110 1185 2171 hoc
1201 2121 1293 2191 pacto

203 2189 386 2250 emendanda
400 2191 475 2260 φασί
493 2192 645 2276 γεγονέναι
660 2193 692 2255 οἱ
706 2193 775 2275 περί
792 2190 847 2258 κᾶν
868 2189 992 2276 Κράτην
1011 2190 1149 2274 ζήσαντα.
1181 2196 1293 2256 Scribit

203 2275 283 2335 euim
304 2275 450 2336 Eusebiae
472 2277 604 2337 Latinus.
636 2276 773 2356 Quidum
789 2300 873 2356 eum,
897 2301 931 2338 ex
951 2280 1064 2358 quibua
1081 2277 1202 2354 Crater,
1223 2294 1293 2340 ante

203 2357 377 2417 deacrnaum
389 2359 629 2421 Πιναοίιίίοναιικ
641 2375 771 2441 ponunt.
802 2363 934 2424 Aerentit
947 2365 1086 2442 Scaliger,
1108 2374 1138 2424 et
1150 2384 1202 2424 aua
1216 2361 1292 2425 σοικ-

202 2443 317 2504 iectura
340 2445 573 2506 emendationem
594 2446 678 2508 iuvat
699 2447 775 2526 φασί
798 2446 968 2530 μεμονέναι,
997 2443 1097 2531 ιίίστιερ
1121 2447 1141 2513 τί
1160 2443 1292 2534 Κράτης.

202 2547 269 2608 pag.
282 2537 383 2588 textus
398 2530 505 2589 Euaeb.
519 2531 570 2596 84.
1028 2549 1031 2554 “
1103 2596 1106 2601 ,
1222 2539 1225 2544 ’

289 2613 330 2676 Oi
343 2611 376 2676 (ίὲ
391 2613 459 2693 περί
471 2611 525 2678 τίν
541 2609 733 2697 Φιλόχορον]
754 2615 900 2676 Dictiouia
918 2617 951 2676 in
965 2615 1027 2676 MS.
1047 2616 1178 2676 defectae
1193 2614 1293 2675 Scali-

132 2725 137 2734 ·
202 2715 320 2772 gerum,
343 2708 378 2756 ut
392 2707 506 2758 textum
522 2699 710 2779 depravaret,
728 2700 860 2778 impulit.
903 2701 1000 2760 Habet
1013 2701 1106 2760 illud:
1129 2701 1161 2762 οί
1174 2697 1208 2761 et
1222 2699 1293 2780 περί

204 2776 370 2860 Φιλόχορσν
385 2778 436 2843 τὸν
448 2786 503 2860 τῆς
513 2777 643 2860 Ἰωνικῆς
659 2777 800 2855 α’ττοικίας
813 2780 832 2820 *
843 2777 922 2845 καθ’
938 2784 991 2846 ἕνα
1004 2787 1065 2844 τοῖν
1079 2780 1130 2844 eloai
1144 2784 1215 2861 βίον
1233 2777 1290 2862 oig-

201 2857 317 2944 χόντων
334 2859 518 2949 Ἀθῆνησινι
540 2865 670 2926 restituit
692 2866 836 2944 Scaliger:
858 2869 891 2930 οί
910 2865 944 2930 δὲ
963 2866 1032 2946 περί
1057 2860 1222 2948 Φιλόχορον
1241 2865 1293 2930 tul

201 2951 256 3026 τῆς
268 2941 400 3027 Ἰωνικῆς
414 2943 571 3024 οίιιοικίας,
594 2945 673 3012 καθ’
688 2950 813 3012 ἕνατοῖν
831 2947 883 3012 ieri
901 2953 971 3032 βίον
989 2946 1156 3032 α’ρχόντωνι
1180 2961 1292 3010 utnon

202 3032 325 3110 integre.
366 3033 477 3093 Fuerat
491 3034 569 3092 eninr
583 3033 656 3094 haec
671 3034 836 3094 Aristarchi
851 3048 882 3096 et
893 3036 1063 3115 aequacium
1077 3033 1179 3115 opinio
1193 3035 1292 3094 dedu-

203 3125 268 3176 ctae
288 3118 328 3175 'ab
346 3117 465 3177 lenibus
478 3119 614 3179 coloniae
630 3128 764 3198 tempore
778 3120 939 3179 Homerum
956 3119 1112 3178 floruieae:
1142 3119 1201 3177 iam
1221 3138 1291 3180 cum

201 3200 1292 3362 ttttjttl'hltillltt‘ttiltllmsmilitet?ttlttl'hl}

200 3368 270 3449 περὶ
290 3362 496 3450 Ἀρίσταρχον,
517 3367 623 3428 scribit
646 3369 780 3444 luthor,
807 3365 883 3432 κατοί
906 3365 962 3449 τῆν
987 3364 1123 3449 Ἰωνικῆν
1146 3364 1289 3432 οἶκτοικίαν

192 3446 331 3532 Ὅμηρον
349 3452 499 3535 γεγονέναι
512 3455 628 3531 moola.-
642 3453 720 3512 infra
735 3475 824 3530 vero,
839 3455 872 3518 οί
887 3452 919 3517 tt
932 3453 1001 3534 περί
1017 3449 1196 3534 Φιίόχορονι
1213 3454 1290 3514 nulli

202 3536 324 3596 dubium
344 3539 415 3616 quin
434 3537 542 3613 dictio,
565 3534 613 3610 tt,
636 3539 795 3598 adversane
810 3559 919 3598 trovam
936 3539 1106 3618 opinionem
1119 3538 1242 3597 inducat
1254 3538 1289 3598 iu

202 3622 409 3700 sequentibus,
432 3641 519 3700 quom
536 3620 657 3682 eandem
670 3623 803 3682 inculcat
815 3624 996 3702 interpolans
1013 3623 1152 3700 Scaliger,
1172 3621 1221 3685 lul
1233 3626 1289 3701 τῆς

199 3699 330 3785 Ἰωνικῆς
351 3699 502 3780 οίποικίας.
543 3705 658 3784 Ecquid
676 3709 717 3766 ita
737 3707 818 3767 vixit
839 3707 986 3767 Homerm
1010 3704 1060 3770 lut
1081 3711 1136 3786 τῆς
1158 3700 1289 3784 Ἰωνικῆς

202 3783 359 3865 οίποικίας,
382 3799 416 3850 ut
434 3789 539 3865 timul,
560 3784 637 3852 καθ’
658 3791 710 3854 ἕνα
727 3795 790 3854 criu
811 3788 861 3853 eieci
877 3793 947 3872 βίον
968 3785 1117 3872 ἀρχόντων
1135 3791 1287 3849 extiterit?

200 3873 324 3933 Latinae
346 3875 411 3954 ipae
430 3873 586 3952 Eueebiua,
601 3887 675 3954 poet
693 3879 920 3956 emigrationem
938 3877 1091 3952 Ionicum,
1112 3879 1168 3933 ait:
1191 3873 1289 3934 Scali-

201 3977 252 4037 ger
273 3957 323 4020 tul
336 3963 391 4038 τῆς
402 3951 531 4038 Ἰωνικῆς
548 3953 689 4034 α’ττοικίας
703 3961 904 4039 emigrationis
918 3970 1058 4040 tempore.
1100 3959 1200 4019 Atrea
1216 3979 1290 4036 per-

201 4061 349 4120 sonaeque
378 4052 512 4122 tempore
540 4042 790 4105 disiunctissime
818 4065 881 4103 uon
906 4045 995 4104 facile
1026 4047 1141 4104 coeunt.
1195 4043 1289 4101 Faci-

201 4126 259 4186 lim
287 4125 328 4185 ita
349 4143 386 4186 ae
415 4136 573 4206 reparatur
601 4127 745 4188 Authorie
772 4148 885 4190 eeueue.
913 4130 946 4191 οί
969 4126 1003 4191 cli
1024 4127 1093 4208 περί
1123 4122 1289 4205 Φιλόχορον

200 4205 255 4273 κᾶν
268 4213 323 4288 τῆς
348 4215 474 4290 ίωνικῆς
493 4205 634 4285 οίττοικίας
659 4211 793 4294 ίστορίαν
814 4208 1039 4293 συστησάμενον
1056 4204 1132 4273 καθ’
1152 4211 1213 4273 ἕνα,
1227 4215 1288 4272 τοῖν

200 4291 252 4358 irai
275 4297 344 4376 βίον
366 4288 535 4374 alexinae:
557 4295 696 4356 Atthides
712 4295 860 4377 aiquidem
881 4303 930 4362 17.
954 4296 1039 4357 libria
1054 4296 1091 4354 de
1106 4295 1208 4354 louiea
1227 4297 1288 4353 mi-

200 4380 348 4457 gratione,
370 4379 464 4458 deque
484 4377 708 4446 Atlreuieuaium
721 4382 812 4462 gestie
826 4390 859 4444 at
875 4379 994 4462 regibus
1011 4380 1108 4440 texuit
1121 4377 1287 4458 historiam,

269 4477 366 4550 flaarg.
383 4479 522 4550 Syram
538 4479 574 4535 11.
1040 4467 1083 4531 80
