3109 4959
234 402 286 477 44
617 413 658 479 G.
679 411 720 480 G.
743 412 951 484 Buuuovn

234 568 323 633 sfism
337 567 503 651 Ephrsenro
515 567 580 629 solo
591 575 715 628 auctore
729 577 845 645 namet,
865 589 941 648 quae
954 567 986 627 in
1001 587 1084 627 sacra
1098 568 1246 647 scriptura
1261 588 1322 629 non

232 656 373 735 leguntur
380 676 390 731 ;
403 654 484 733 quod
496 674 568 713 vero
582 674 599 712 a
612 673 699 713 sensu
714 662 899 713 caeterorum
914 656 1033 713 Petrum
1045 653 1321 714 Ecclesiasticorum

231 758 419 819 nequaquam
437 738 557 800 recedit.
577 771 621 787 -
649 737 831 819 Ephraemus
850 740 969 799 Nisibas
991 740 1024 797 in
1041 738 1266 817 Mesopotamia,
1288 740 1322 795 in

232 825 321 887 domo
341 844 470 904 pagana,
492 823 686 883 Constantino
707 824 813 901 Magno
836 834 995 900 regnante,
1015 833 1118 898 natus,
1140 842 1207 881 cum
1225 842 1322 900 neque

231 929 250 969 a
265 928 414 989 quoquam
428 910 535 969 doctus
547 918 633 984 esset,
644 929 739 987 neque
753 918 924 986 expectaret
935 928 966 967 se
976 908 1068 968 talem
1079 926 1235 967 evasurum
1248 926 1320 981 esse,

230 1002 352 1074 repente
373 994 495 1075 spiritus
509 994 605 1055 divini
626 994 719 1071 gratia
738 1003 850 1053 tantam
870 992 1069 1053 eruditionem
1088 994 1123 1052 in
1146 993 1245 1069 lingua
1261 992 1320 1069 Sy-

186 1154 190 1163 ·
229 1078 311 1140 rieea
325 1088 499 1160 assequutus
515 1088 567 1154 est,
582 1086 617 1137 ut
637 1099 749 1137 sunama
762 1077 967 1159 philosophiae
975 1087 1132 1158 praecepta
1146 1074 1319 1157 perceperit,

231 1173 262 1225 et
283 1185 345 1223 uon
364 1166 460 1224 solum
484 1162 624 1224 orationis
638 1163 780 1223 facilitate
792 1174 880 1242 atque
898 1163 1061 1241 elegantia,
1083 1162 1135 1222 sed
1148 1164 1235 1221 etiam
1247 1180 1321 1219 sen-

230 1249 391 1309 tentiarum
415 1249 573 1309 crebritate
588 1266 623 1305 ae
645 1249 789 1327 sapientia
808 1249 937 1309 Graecos
959 1248 1120 1328 scriptores
1130 1244 1321 1327 praestantis·

230 1333 322 1394 simos
343 1334 499 1412 superarit.
542 1332 581 1391 Et
603 1331 685 1410 quod
699 1333 809 1394 mirum
818 1334 955 1408 videtur,
981 1352 1050 1392 curn
1066 1335 1197 1392 Graecus
1210 1330 1321 1410 scripta

231 1418 295 1480 eius
310 1418 345 1477 in
363 1419 508 1479 Graecum
525 1436 690 1476 sermonem
708 1437 795 1478 versa
808 1419 881 1497 legit
896 1418 1020 1499 perinde
1035 1439 1069 1478 ea
1082 1418 1255 1491 admiratur,
1277 1424 1322 1473 at·

231 1522 289 1582 que
309 1503 335 1561 si
359 1505 451 1581 Syrus
473 1510 550 1561 esset
573 1510 604 1560 et
624 1500 745 1580 Syriaca
770 1523 802 1561 ea
823 1503 942 1580 legeret.
984 1502 1030 1561 lta
1050 1505 1231 1561 Sozomenus
1252 1498 1322 1560 hist.

228 1586 312 1648 Eecl.
326 1590 356 1651 8.
373 1607 398 1647 c.
416 1586 465 1652 15.
505 1586 600 1664 lgitur
616 1594 646 1645 et
658 1586 788 1666 plurima
808 1586 870 1645 eius
884 1586 995 1665 scripta
1008 1605 1110 1662 gunece
1124 1606 1210 1645 versa
1227 1592 1321 1659 erant,

231 1691 267 1731 ae
284 1670 360 1731 tanti
377 1670 627 1747 aestimabantur,
649 1680 683 1731 ut
703 1671 886 1750 Hieronymo
905 1680 981 1728 teste
1001 1680 1071 1749 post
1091 1670 1322 1749 praelectionem

229 1775 330 1817 sacrae
343 1755 509 1835 scripturae
521 1756 643 1835 publice
656 1757 686 1813 in
700 1756 877 1835 quibusdam
893 1754 1024 1815 ecclesiis
1038 1754 1196 1834 Ephraemi
1209 1754 1323 1834 scripta

230 1860 347 1921 quoque
369 1842 580 1901 recitarentur:
626 1841 700 1900 Vide
726 1841 862 1901 Bollandi
888 1841 963 1900 dcta
986 1841 1015 1903 S.
1037 1840 1145 1899 Mensis
1167 1837 1321 1898 Februarii

228 1926 312 1985 Tom.
330 1925 352 1987 l.
372 1946 438 2006 pag.
453 1926 495 1991 49
508 1960 528 1973 ·
542 1930 592 1991 78.
615 1956 659 1974 ·-
679 1925 761 1986 Inter
777 1926 890 2005 scripta
910 1925 1084 2005 Ephraemi,
1106 1944 1182 2005 quae
1202 1924 1322 2003 Syriaca

228 2020 358 2083 exstant,
370 2019 441 2070 suut
451 2030 570 2090 quoque
581 2010 613 2069 in
626 2011 779 2070 codicibus
792 2010 990 2070 Nitriensibus
1001 2010 1062 2070 Vll.
1075 2020 1105 2069 et
1119 2010 1195 2069 Vlll.
1207 2007 1321 2088 Hymni

229 2093 267 2154 de
279 2094 436 2169 Paradiso‚
458 2105 497 2171 et,
521 2106 667 2175 quantum
682 2115 698 2155 e
713 2094 884 2173 fragmentis
898 2096 1029 2155 iudicare
1042 2096 1122 2170 licet,
1144 2096 1321 2173 quaesisse-

227 2198 355 2238 mannus
369 2178 401 2235 in
413 2178 598 2239 Bibliotheca
614 2180 761 2239 Orientali
773 2181 858 2240 Tom.
871 2180 893 2239 l.
908 2200 939 2259 p.
955 2180 1007 2246 84.
1024 2181 1076 2247 85.
1097 2181 1207 2256 edidit,
1227 2179 1321 2239 Geor-

228 2261 294 2341 gius
315 2281 353 2319 ex
373 2260 421 2319 his
436 2263 509 2341 ipsis
531 2285 582 2323 sua
600 2263 713 2323 hausit:
741 2275 811 2344 post
825 2264 1021 2343 Ephraemum
1044 2266 1161 2343 quidem
1177 2260 1320 2323 llistorici

228 2345 411 2416 Orientales,
435 2346 487 2425 qui
508 2349 556 2407 rel
577 2348 701 2407 Arabico
714 2350 761 2407 vel
778 2351 897 2427 Syriaco
912 2352 1071 2427 scripsere,
1094 2352 1193 2407 cadem
1208 2350 1245 2406 de
1261 2350 1319 2406 Pa-

227 2431 327 2493 radiso
346 2432 440 2510 deque
455 2430 694 2509 generationibus
711 2432 794 2490 Setbi
811 2441 841 2489 et
857 2432 940 2489 Caini
960 2434 1091 2490 tradunt.
1137 2429 1318 2512 (Editionem

227 2516 402 2599 Ephraemi,
425 2515 462 2574 ab
477 2516 656 2575 assemanno
671 2516 857 2589 adornatam,
881 2516 1015 2574 conferre
1032 2534 1093 2571 non
1108 2513 1256 2598 contigit).

312 2601 367 2661 His
388 2600 532 2684 expositis
550 2600 689 2660 coniiciat
702 2601 762 2659 iam
782 2600 907 2677 aliquis,
937 2601 1095 2676 Georgium
1115 2599 1210 2655 libros
1231 2599 1318 2675 Apo-

227 2687 356 2767 cryplsoa
373 2689 487 2747 Veteris
503 2686 685 2754 Testamenti
699 2707 760 2745 non
773 2685 946 2763 neglexisse.
962 2718 1003 2730 —-
1025 2682 1152 2756 neda-ae,
1173 2688 1229 2743 τοῦ
1242 2676 1318 2745 θεό-

226 2796 358 2853 φρονος,
380 2780 457 2851 (pag.
479 2774 552 2837 236.
574 2774 618 2849 A.)
642 2771 760 2852 scriptis
784 2772 875 2832 sacris
896 2780 926 2829 et
946 2772 1101 2828 cassanicis
1121 2764 1319 2849 (tataoetson

227 2877 293 2935 pag·
311 2861 383 2922 223.
399 2858 450 2924 Α..
474 2858 545 2922 249.
560 2856 604 2935 C.)
620 2856 841 2933 diligentissime
853 2876 924 2915 usus
935 2864 980 2914 est
991 2878 1020 2933 p.
1038 2860 1108 2919 216.
1125 2856 1179 2923 D..
1194 2853 1266 2917 225.
1282 2852 1317 2912 Α.

228 2941 265 3001 Β.
289 2941 339 3012 0.,
361 2944 432 3006 229.
458 2940 515 3013 D.,
537 2944 608 3007 233.
628 2941 673 3014 C.,
697 2942 767 3007 241.
792 2950 822 2999 et
840 2962 915 3018 seq.,
938 2943 1008 3005 253.
1031 2940 1065 2997 Α.
1080 2939 1129 2996 lt:
1150 2958 1246 3016 neque
1265 2958 1314 2997 so-

228 3025 292 3085 lum
306 3024 384 3083 libro
400 3024 548 3098 secundo,
570 3023 622 3101 qui
635 3025 715 3082 solus
731 3024 809 3083 inter
823 3025 916 3082 libros
931 3023 1091 3083 casrorsicos
1103 3032 1242 3102 receptus
1255 3043 1319 3084 esse

229 3110 338 3171 dicitur
354 3105 398 3188 ²⁶)
408 3152 416 3184 ,
438 3106 491 3165 sed
511 3108 637 3167 maxime
655 3108 733 3167 libro
752 3109 865 3186 primo,
891 3108 939 3166 cui
956 3129 973 3165 a
991 3107 1128 3167 Patribus
1144 3108 1320 3168 ecclesiasti-

229 3196 271 3256 cis
288 3213 384 3274 ueque
402 3192 513 3271 graecis
534 3213 630 3271 neque
649 3192 748 3251 latinis
764 3193 927 3251 auctoritas
947 3194 1087 3251 canonica
1110 3215 1247 3253 concessa
1264 3203 1318 3270 est,

229 3280 416 3360 (Hieronym.
442 3278 475 3337 in
499 3280 621 3357 praelat.
649 3277 687 3336 ad
712 3278 823 3337 librum
845 3279 956 3337 Esdrae
981 3289 1010 3338 et
1032 3279 1199 3355 Neemiae);
1230 3299 1318 3358 quera

229 3365 372 3441 Georgius
386 3384 457 3423 vero
469 3364 609 3424 ultimum
624 3367 684 3425 τῶν
697 3361 880 3425 ladaestinae
896 3365 1021 3445 βιβλίων
1036 3369 1091 3443 τῆς
1105 3369 1234 3436 παλαιᾶς
1247 3372 1318 3425 θεο-

226 3442 375 3509 avariores
396 3452 514 3527 γραφῆς
531 3458 634 3524 vocat,
662 3449 744 3528 quod
764 3459 905 3531 receptus
924 3459 988 3510 erat
1007 3449 1040 3508 in
1057 3449 1261 3508 collectionem
1275 3446 1310 3503 li-

227 3531 348 3590 brorum
363 3533 542 3591 Graecorum
556 3540 618 3596 saia
632 3528 666 3595 o'.

311 3615 408 3671 Etiam
429 3614 572 3677 ladislao
589 3620 751 3677 dictoriam
771 3619 810 3679 ad
827 3629 946 3701 tempus
968 3618 1153 3679 commodum
1176 3632 1316 3673 revocare

228 3697 344 3775 studet,
364 3717 460 3774 neque
481 3712 619 3779 apparot,
646 3704 805 3781 Georgium
822 3705 859 3763 de
882 3705 1058 3765 auctoritate
1079 3699 1150 3759 libri
1172 3697 1316 3756 canonica

228 3783 377 3846 dubitasse
392 3802 458 3863 pag.
475 3789 548 3849 236.
566 3788 615 3856 C.‚
645 3792 716 3853 237.
734 3789 786 3864 A„
808 3789 879 3854 241.
899 3790 949 3862 A„
974 3789 1044 3852 251.
1063 3787 1115 3858 A„
1139 3803 1316 3860 quamquam

227 3870 363 3929 lnbraica
379 3866 489 3945 scripta
510 3888 546 3924 no
562 3868 639 3927 inter
652 3870 848 3949 Apocryphos
871 3873 987 3948 quidem
1006 3877 1083 3944 erat,
1106 3868 1227 3944 Origine
1242 3878 1316 3928 teste

228 3956 262 4015 in
277 3955 360 4036 epist.
383 3952 422 4011 ad
439 3951 619 4011 Africanum.
661 3953 724 4011 lam
748 3975 819 4012 vero
841 3955 977 4033 synodus
995 3954 1123 4013 Nicaena
1140 3953 1174 4011 in
1190 3974 1315 4015 numero

261 4120 311 4188 26)
327 4119 393 4189 Peg.
409 4114 469 4173 249.
486 4116 516 4169 Β.
535 4115 565 4168 C.
582 4115 656 4183 lego:
675 4110 726 4179 ἕως
740 4117 791 4183 μὲν
806 4112 941 4172 τούτου
956 4111 1061 4186 ”Endon
1074 4117 1121 4171 ast
1140 4122 1263 4187 Νεεμίου
1282 4119 1313 4174 al

296 4182 604 4257 evaaeanos‘upasnat
616 4186 737 4254 γραφαὶ,
756 4185 793 4239 αἳ
808 4182 1030 4254 ἐκκλησιάζεσθαι
1042 4186 1250 4259 παρεδόθησαν.
1280 4186 1314 4243 soi

297 4256 328 4312 δὲ
341 4256 411 4327 μετὰ
424 4252 540 4313 ταῦταὸ
560 4252 691 4321 Ἰώσηπος
707 4253 823 4323 ἱστορεῖ,
840 4258 888 4312 acl
904 4253 1066 4326 Ἀφρικανὸς
1083 4256 1157 4327 μετ’
1176 4256 1264 4315 αὐτὸν
1285 4255 1316 4310 ἐν

294 4324 423 4395 dultinge.
441 4354 476 4367 -
492 4325 599 4395 Legitur
608 4321 659 4388 ἕως
670 4321 720 4394 μὲν
731 4318 804 4389 orie,
827 4344 964 4396 pronomen
977 4327 1112 4381 relativum
1123 4330 1159 4384 αἴ
1177 4328 1315 4390 omittitur3

294 4399 406 4467 propse'
417 4393 505 4452 αὐτὸν
519 4390 769 4465 astariacensis,
786 4403 832 4451 out
843 4398 866 4451 si
879 4397 993 4452 Goarum
1004 4398 1089 4465 audis,
1101 4397 1163 4470 μὲν
1179 4393 1295 4459 αὐτὸς.
