<?xml version="1.0" encoding="UTF-8"?>
<!DOCTYPE html PUBLIC "-//W3C//DTD XHTML 1.0 Transitional//EN"
    "http://www.w3.org/TR/xhtml1/DTD/xhtml1-transitional.dtd">
<html xmlns="http://www.w3.org/1999/xhtml" xml:lang="en" lang="en">
 <head>
  <title>
</title>
<meta http-equiv="Content-Type" content="text/html;charset=utf-8" />
  <meta name='ocr-system' content='tesseract 3.04.00' />
  <meta name='ocr-capabilities' content='ocr_page ocr_carea ocr_par ocr_line ocrx_word'/>
</head>
<body>
  <div class='ocr_page' id='page_1' title='image "./corpusscriptoru33theogoog_0027.png"; bbox 0 0 3109 4959; ppageno 0'>
   <div class='ocr_carea' id='block_1_1' title="bbox 602 436 1295 515">
    <p class='ocr_par' dir='ltr' id='par_1_1' title="bbox 602 436 1295 515">
     <span class='ocr_line' id='line_1_1' title="bbox 602 436 1295 515; baseline 0 -3"><span class='ocrx_word' id='word_1_1' title='bbox 602 443 899 515; x_wconf 82' lang='lat' dir='ltr'><strong>DISSERTATIO.</strong></span> <span class='ocrx_word' id='word_1_2' title='bbox 1246 436 1295 512; x_wconf 79' lang='lat'>19</span> 
     </span>
    </p>
   </div>
   <div class='ocr_carea' id='block_1_2' title="bbox 139 600 1403 3467">
    <p class='ocr_par' dir='ltr' id='par_1_2' title="bbox 178 600 1295 1020">
     <span class='ocr_line' id='line_1_2' title="bbox 178 600 1288 684; baseline 0.005 -24"><span class='ocrx_word' id='word_1_3' title='bbox 178 626 181 631; x_wconf 91' lang='lat'>·</span> <span class='ocrx_word' id='word_1_4' title='bbox 208 600 322 683; x_wconf 84' lang='lat' dir='ltr'>primus</span> <span class='ocrx_word' id='word_1_5' title='bbox 338 619 432 661; x_wconf 84' lang='lat' dir='ltr'>sunus</span> <span class='ocrx_word' id='word_1_6' title='bbox 444 600 556 663; x_wconf 84' lang='lat' dir='ltr'>Christi</span> <span class='ocrx_word' id='word_1_7' title='bbox 570 602 624 664; x_wconf 84' lang='lat' dir='ltr'>sit:</span> <span class='ocrx_word' id='word_1_8' title='bbox 645 624 674 684; x_wconf 89' lang='lat' dir='ltr'>p.</span> <span class='ocrx_word' id='word_1_9' title='bbox 693 607 722 670; x_wconf 74' lang='lat'>2.</span> <span class='ocrx_word' id='word_1_10' title='bbox 737 602 771 665; x_wconf 77' lang='lat' dir='ltr'>l.</span> <span class='ocrx_word' id='word_1_11' title='bbox 788 604 823 664; x_wconf 89' lang='grc' dir='ltr'>Β.</span> <span class='ocrx_word' id='word_1_12' title='bbox 841 623 872 682; x_wconf 89' lang='lat' dir='ltr'>p.</span> <span class='ocrx_word' id='word_1_13' title='bbox 884 605 916 670; x_wconf 80' lang='lat'>8.</span> <span class='ocrx_word' id='word_1_14' title='bbox 929 601 1000 684; x_wconf 77' lang='lat' dir='ltr'><strong>B.⁷)</strong></span> <span class='ocrx_word' id='word_1_15' title='bbox 1027 602 1130 684; x_wconf 83' lang='lat' dir='ltr'>ltaque</span> <span class='ocrx_word' id='word_1_16' title='bbox 1144 604 1288 666; x_wconf 82' lang='lat' dir='ltr'>Genealo-</span> 
     </span>
     <span class='ocr_line' id='line_1_3' title="bbox 209 686 1293 769; baseline 0.007 -26"><span class='ocrx_word' id='word_1_17' title='bbox 209 686 270 763; x_wconf 88' lang='lat' dir='ltr'>giae</span> <span class='ocrx_word' id='word_1_18' title='bbox 285 686 422 747; x_wconf 75' lang='lat' dir='ltr'>Iudaicae</span> <span class='ocrx_word' id='word_1_19' title='bbox 439 688 569 748; x_wconf 90' lang='lat' dir='ltr'>inlibris</span> <span class='ocrx_word' id='word_1_20' title='bbox 585 687 698 748; x_wconf 86' lang='lat' dir='ltr'>Veteris</span> <span class='ocrx_word' id='word_1_21' title='bbox 710 688 904 765; x_wconf 76' lang='lat' dir='ltr'><strong>Testamenti,</strong></span> <span class='ocrx_word' id='word_1_22' title='bbox 925 710 999 769; x_wconf 86' lang='lat' dir='ltr'>quos</span> <span class='ocrx_word' id='word_1_23' title='bbox 1019 710 1036 749; x_wconf 83' lang='lat' dir='ltr'>a</span> <span class='ocrx_word' id='word_1_24' title='bbox 1059 689 1175 768; x_wconf 78' lang='lat' dir='ltr'>Spiritu</span> <span class='ocrx_word' id='word_1_25' title='bbox 1189 700 1293 751; x_wconf 87' lang='lat' dir='ltr'>sancto</span> 
     </span>
     <span class='ocr_line' id='line_1_4' title="bbox 208 770 1295 853; baseline 0.006 -26"><span class='ocrx_word' id='word_1_26' title='bbox 208 770 327 829; x_wconf 88' lang='lat' dir='ltr'>inlletos</span> <span class='ocrx_word' id='word_1_27' title='bbox 340 790 404 830; x_wconf 87' lang='lat' dir='ltr'>esse</span> <span class='ocrx_word' id='word_1_28' title='bbox 423 772 536 852; x_wconf 85' lang='lat' dir='ltr'>pluries</span> <span class='ocrx_word' id='word_1_29' title='bbox 556 772 655 832; x_wconf 87' lang='lat' dir='ltr'>laudat</span> <span class='ocrx_word' id='word_1_30' title='bbox 677 793 707 853; x_wconf 85' lang='lat' dir='ltr'>p.</span> <span class='ocrx_word' id='word_1_31' title='bbox 727 772 758 837; x_wconf 84' lang='lat'>4.</span> <span class='ocrx_word' id='word_1_32' title='bbox 776 771 811 831; x_wconf 91' lang='grc' dir='ltr'>Β.</span> <span class='ocrx_word' id='word_1_33' title='bbox 837 773 869 831; x_wconf 86' lang='lat' dir='ltr'>C.</span> <span class='ocrx_word' id='word_1_34' title='bbox 889 793 1032 834; x_wconf 86' lang='lat' dir='ltr'>summam</span> <span class='ocrx_word' id='word_1_35' title='bbox 1049 773 1155 834; x_wconf 80' lang='lat' dir='ltr'>tribuit</span> <span class='ocrx_word' id='word_1_36' title='bbox 1171 774 1295 853; x_wconf 86' lang='lat' dir='ltr'>diligen·</span> 
     </span>
     <span class='ocr_line' id='line_1_5' title="bbox 207 854 1294 939; baseline 0.008 -27"><span class='ocrx_word' id='word_1_37' title='bbox 207 856 296 929; x_wconf 88' lang='lat' dir='ltr'>tiam,</span> <span class='ocrx_word' id='word_1_38' title='bbox 317 875 353 913; x_wconf 89' lang='lat' dir='ltr'>ac</span> <span class='ocrx_word' id='word_1_39' title='bbox 375 854 602 935; x_wconf 85' lang='lat' dir='ltr'>Chronologiae,</span> <span class='ocrx_word' id='word_1_40' title='bbox 631 876 669 915; x_wconf 86' lang='lat' dir='ltr'>ox</span> <span class='ocrx_word' id='word_1_41' title='bbox 689 855 737 915; x_wconf 87' lang='lat' dir='ltr'>his</span> <span class='ocrx_word' id='word_1_42' title='bbox 762 855 961 935; x_wconf 86' lang='lat' dir='ltr'>compositas,</span> <span class='ocrx_word' id='word_1_43' title='bbox 980 878 1027 919; x_wconf 86' lang='lat' dir='ltr'>res</span> <span class='ocrx_word' id='word_1_44' title='bbox 1050 866 1146 939; x_wconf 87' lang='lat' dir='ltr'>gestas</span> <span class='ocrx_word' id='word_1_45' title='bbox 1167 858 1294 921; x_wconf 81' lang='lat' dir='ltr'>aliorum</span> 
     </span>
     <span class='ocr_line' id='line_1_6' title="bbox 206 939 1126 1020; baseline 0.008 -22"><span class='ocrx_word' id='word_1_46' title='bbox 206 939 387 1020; x_wconf 83' lang='lat' dir='ltr'>populorum</span> <span class='ocrx_word' id='word_1_47' title='bbox 400 950 541 1020; x_wconf 87' lang='lat' dir='ltr'>tanquam</span> <span class='ocrx_word' id='word_1_48' title='bbox 553 961 600 1001; x_wconf 84' lang='lat' dir='ltr'>aes</span> <span class='ocrx_word' id='word_1_49' title='bbox 611 940 735 1000; x_wconf 87' lang='lat' dir='ltr'>secundi</span> <span class='ocrx_word' id='word_1_50' title='bbox 748 940 863 1000; x_wconf 79' lang='lat' dir='ltr'>omlinia</span> <span class='ocrx_word' id='word_1_51' title='bbox 881 942 1008 1004; x_wconf 89' lang='lat' dir='ltr'>subiicit.</span> <span class='ocrx_word' id='word_1_52' title='bbox 1124 966 1126 971; x_wconf 92' lang='lat'>·</span> 
     </span>
    </p>

    <p class='ocr_par' dir='ltr' id='par_1_3' title="bbox 139 1022 1403 3467">
     <span class='ocr_line' id='line_1_7' title="bbox 287 1022 1294 1107; baseline 0.006 -24"><span class='ocrx_word' id='word_1_53' title='bbox 287 1022 401 1083; x_wconf 88' lang='lat' dir='ltr'>Primus</span> <span class='ocrx_word' id='word_1_54' title='bbox 419 1026 509 1104; x_wconf 87' lang='lat' dir='ltr'>igitur</span> <span class='ocrx_word' id='word_1_55' title='bbox 528 1034 556 1085; x_wconf 88' lang='lat' dir='ltr'>et</span> <span class='ocrx_word' id='word_1_56' title='bbox 573 1028 858 1106; x_wconf 73' lang='lat' dir='ltr'>praecipitassem,</span> <span class='ocrx_word' id='word_1_57' title='bbox 879 1046 896 1085; x_wconf 92' lang='lat' dir='ltr'>e</span> <span class='ocrx_word' id='word_1_58' title='bbox 916 1047 978 1107; x_wconf 86' lang='lat' dir='ltr'>qno</span> <span class='ocrx_word' id='word_1_59' title='bbox 996 1026 1139 1106; x_wconf 82' lang='lat' dir='ltr'>Georgius</span> <span class='ocrx_word' id='word_1_60' title='bbox 1156 1026 1294 1089; x_wconf 79' lang='lat' dir='ltr'>Claranu-</span> 
     </span>
     <span class='ocr_line' id='line_1_8' title="bbox 206 1104 1294 1193; baseline 0.009 -28"><span class='ocrx_word' id='word_1_61' title='bbox 206 1106 359 1189; x_wconf 77' lang='lat' dir='ltr'>graphium</span> <span class='ocrx_word' id='word_1_62' title='bbox 381 1106 498 1185; x_wconf 89' lang='lat' dir='ltr'>hausit,</span> <span class='ocrx_word' id='word_1_63' title='bbox 527 1118 571 1169; x_wconf 90' lang='lat' dir='ltr'>est</span> <span class='ocrx_word' id='word_1_64' title='bbox 593 1108 616 1191; x_wconf 75' lang='grc' dir='ltr'><em>ἡ</em></span> <span class='ocrx_word' id='word_1_65' title='bbox 636 1104 908 1186; x_wconf 75' lang='grc' dir='ltr'><strong><em>θεόπνευστος</em></strong></span> <span class='ocrx_word' id='word_1_66' title='bbox 927 1107 1076 1193; x_wconf 72' lang='grc' dir='ltr'><strong><em>γραφὴ,</em></strong></span> <span class='ocrx_word' id='word_1_67' title='bbox 1104 1108 1199 1176; x_wconf 61' lang='lat' dir='ltr'>aaa&amp;</span> <span class='ocrx_word' id='word_1_68' title='bbox 1225 1107 1294 1193; x_wconf 71' lang='lat' dir='ltr'>asir</span> 
     </span>
     <span class='ocr_line' id='line_1_9' title="bbox 207 1186 1295 1275; baseline 0.004 -22"><span class='ocrx_word' id='word_1_69' title='bbox 207 1196 286 1254; x_wconf 74' lang='grc' dir='ltr'><strong><em>τοῖν</em></strong></span> <span class='ocrx_word' id='word_1_70' title='bbox 307 1186 331 1255; x_wconf 87' lang='lat' dir='ltr'>o&#39;</span> <span class='ocrx_word' id='word_1_71' title='bbox 347 1190 564 1275; x_wconf 73' lang='grc' dir='ltr'><strong><em>ἑρμηνείαν.</em></strong></span> <span class='ocrx_word' id='word_1_72' title='bbox 608 1194 714 1253; x_wconf 86' lang='lat' dir='ltr'>llarius</span> <span class='ocrx_word' id='word_1_73' title='bbox 731 1193 809 1253; x_wconf 81' lang='lat' dir='ltr'>enirn</span> <span class='ocrx_word' id='word_1_74' title='bbox 826 1196 928 1256; x_wconf 83' lang='lat' dir='ltr'>Patres</span> <span class='ocrx_word' id='word_1_75' title='bbox 943 1196 1090 1257; x_wconf 72' lang='lat' dir='ltr'>Ecclesiae</span> <span class='ocrx_word' id='word_1_76' title='bbox 1102 1196 1220 1274; x_wconf 88' lang='lat' dir='ltr'>linguae</span> <span class='ocrx_word' id='word_1_77' title='bbox 1231 1198 1295 1257; x_wconf 82' lang='lat' dir='ltr'>lla·</span> 
     </span>
     <span class='ocr_line' id='line_1_10' title="bbox 206 1275 1294 1359; baseline 0.006 -25"><span class='ocrx_word' id='word_1_78' title='bbox 206 1275 323 1336; x_wconf 87' lang='lat' dir='ltr'>braicae</span> <span class='ocrx_word' id='word_1_79' title='bbox 335 1279 540 1357; x_wconf 87' lang='lat' dir='ltr'>peritierant,</span> <span class='ocrx_word' id='word_1_80' title='bbox 561 1287 590 1338; x_wconf 90' lang='lat' dir='ltr'>et</span> <span class='ocrx_word' id='word_1_81' title='bbox 607 1279 945 1359; x_wconf 78' lang='lat' dir='ltr'>quamquachorgius</span> <span class='ocrx_word' id='word_1_82' title='bbox 959 1280 1166 1359; x_wconf 86' lang='lat' dir='ltr'>Genealogiam</span> <span class='ocrx_word' id='word_1_83' title='bbox 1179 1301 1196 1341; x_wconf 92' lang='lat' dir='ltr'>e</span> <span class='ocrx_word' id='word_1_84' title='bbox 1208 1281 1294 1341; x_wconf 85' lang='lat' dir='ltr'>libris</span> 
     </span>
     <span class='ocr_line' id='line_1_11' title="bbox 139 1360 1296 1445; baseline 0.006 -26"><span class='ocrx_word' id='word_1_85' title='bbox 139 1387 142 1393; x_wconf 94' lang='lat'><em>·</em></span> <span class='ocrx_word' id='word_1_86' title='bbox 207 1360 409 1421; x_wconf 79' lang='lat' dir='ltr'><strong>Hebraeorum</strong></span> <span class='ocrx_word' id='word_1_87' title='bbox 428 1382 490 1422; x_wconf 89' lang='lat' dir='ltr'>non</span> <span class='ocrx_word' id='word_1_88' title='bbox 511 1362 646 1441; x_wconf 80' lang='lat' dir='ltr'>negligit,</span> <span class='ocrx_word' id='word_1_89' title='bbox 675 1372 775 1423; x_wconf 87' lang='lat' dir='ltr'>tamen</span> <span class='ocrx_word' id='word_1_90' title='bbox 795 1364 905 1423; x_wconf 86' lang='lat' dir='ltr'>nullibi</span> <span class='ocrx_word' id='word_1_91' title='bbox 925 1374 1130 1444; x_wconf 76' lang='lat' dir='ltr'>argumentum</span> <span class='ocrx_word' id='word_1_92' title='bbox 1152 1366 1296 1445; x_wconf 89' lang='lat' dir='ltr'>occurrit,</span> 
     </span>
     <span class='ocr_line' id='line_1_12' title="bbox 207 1445 1297 1530; baseline 0.006 -27"><span class='ocrx_word' id='word_1_93' title='bbox 207 1465 276 1504; x_wconf 89' lang='lat' dir='ltr'>eum</span> <span class='ocrx_word' id='word_1_94' title='bbox 293 1445 410 1524; x_wconf 78' lang='lat' dir='ltr'>linguae</span> <span class='ocrx_word' id='word_1_95' title='bbox 424 1446 585 1507; x_wconf 87' lang='lat' dir='ltr'>llebraieae</span> <span class='ocrx_word' id='word_1_96' title='bbox 600 1467 726 1525; x_wconf 86' lang='lat' dir='ltr'>gnarum</span> <span class='ocrx_word' id='word_1_97' title='bbox 745 1446 844 1512; x_wconf 81' lang='lat' dir='ltr'>luisse.</span> <span class='ocrx_word' id='word_1_98' title='bbox 886 1448 994 1509; x_wconf 87' lang='lat' dir='ltr'>luserit</span> <span class='ocrx_word' id='word_1_99' title='bbox 1009 1448 1297 1530; x_wconf 82' lang='lat' dir='ltr'>quidem-interdum</span> 
     </span>
     <span class='ocr_line' id='line_1_13' title="bbox 207 1528 1297 1639; baseline 0.007 -50"><span class='ocrx_word' id='word_1_100' title='bbox 207 1528 357 1589; x_wconf 73' lang='lat' dir='ltr'>versiones</span> <span class='ocrx_word' id='word_1_101' title='bbox 377 1550 486 1591; x_wconf 83' lang='lat' dir='ltr'>vocum</span> <span class='ocrx_word' id='word_1_102' title='bbox 507 1531 736 1609; x_wconf 87' lang='lat' dir='ltr'>Ilebraicarum,</span> <span class='ocrx_word' id='word_1_103' title='bbox 763 1541 798 1592; x_wconf 91' lang='lat' dir='ltr'>ut</span> <span class='ocrx_word' id='word_1_104' title='bbox 817 1534 884 1613; x_wconf 66' lang='lat' dir='ltr'>pagi</span> <span class='ocrx_word' id='word_1_105' title='bbox 904 1533 985 1600; x_wconf 63' lang='lat' dir='ltr'>bl).</span> <span class='ocrx_word' id='word_1_106' title='bbox 1027 1529 1120 1615; x_wconf 75' lang='grc' dir='ltr'><strong><em>Ἀδοίμ</em></strong></span> <span class='ocrx_word' id='word_1_107' title='bbox 1142 1528 1297 1639; x_wconf 75' lang='lat' dir='ltr'>oiaipaurv</span> 
     </span>
     <span class='ocr_line' id='line_1_14' title="bbox 208 1610 1403 1701; baseline 0.005 -27"><span class='ocrx_word' id='word_1_108' title='bbox 208 1610 316 1690; x_wconf 74' lang='grc' dir='ltr'><strong><em>Εὕαν,</em></strong></span> <span class='ocrx_word' id='word_1_109' title='bbox 337 1610 355 1677; x_wconf 76' lang='lat' dir='ltr'>‘t</span> <span class='ocrx_word' id='word_1_110' title='bbox 372 1612 565 1696; x_wconf 74' lang='grc' dir='ltr'><strong><em>ἑρμηνεύεται</em></strong></span> <span class='ocrx_word' id='word_1_111' title='bbox 583 1610 659 1697; x_wconf 62' lang='lat' dir='ltr'>torf,</span> <span class='ocrx_word' id='word_1_112' title='bbox 678 1636 747 1697; x_wconf 82' lang='lat' dir='ltr'>pag.</span> <span class='ocrx_word' id='word_1_113' title='bbox 770 1622 819 1682; x_wconf 87' lang='lat'>10.</span> <span class='ocrx_word' id='word_1_114' title='bbox 838 1618 871 1677; x_wconf 82' lang='lat' dir='ltr'>C.</span> <span class='ocrx_word' id='word_1_115' title='bbox 891 1611 1087 1701; x_wconf 71' lang='grc' dir='ltr'>ἑρμηνεύεται</span> <span class='ocrx_word' id='word_1_116' title='bbox 1101 1611 1191 1701; x_wconf 71' lang='lat' dir='ltr'>palpo</span> <span class='ocrx_word' id='word_1_117' title='bbox 1210 1616 1297 1693; x_wconf 80' lang='grc' dir='ltr'><strong><em>Ενοίς</em></strong></span> <span class='ocrx_word' id='word_1_118' title='bbox 1399 1644 1403 1653; x_wconf 96' lang='grc'><strong><em>·</em></strong></span> 
     </span>
     <span class='ocr_line' id='line_1_15' title="bbox 206 1695 1298 1802; baseline 0.005 -42"><span class='ocrx_word' id='word_1_119' title='bbox 206 1696 319 1761; x_wconf 76' lang='grc' dir='ltr'><strong><em>οίσανεί</em></strong></span> <span class='ocrx_word' id='word_1_120' title='bbox 338 1695 519 1782; x_wconf 72' lang='grc' dir='ltr'><strong><em>ἅνθρωπος,</em></strong></span> <span class='ocrx_word' id='word_1_121' title='bbox 539 1697 615 1763; x_wconf 76' lang='grc' dir='ltr'>κατὰ</span> <span class='ocrx_word' id='word_1_122' title='bbox 632 1698 686 1764; x_wconf 77' lang='grc' dir='ltr'>τίν</span> <span class='ocrx_word' id='word_1_123' title='bbox 702 1696 862 1802; x_wconf 57' lang='grc' dir='ltr'><strong><em>Ἑβραϊαόν</em></strong></span> <span class='ocrx_word' id='word_1_124' title='bbox 879 1706 975 1779; x_wconf 67' lang='lat' dir='ltr'>sotir,</span> <span class='ocrx_word' id='word_1_125' title='bbox 1001 1724 1034 1783; x_wconf 86' lang='lat' dir='ltr'>p·</span> <span class='ocrx_word' id='word_1_126' title='bbox 1058 1703 1158 1768; x_wconf 68' lang='lat' dir='ltr'>tau.</span> <span class='ocrx_word' id='word_1_127' title='bbox 1179 1702 1223 1777; x_wconf 81' lang='grc' dir='ltr'>είς</span> <span class='ocrx_word' id='word_1_128' title='bbox 1239 1707 1298 1785; x_wconf 77' lang='grc' dir='ltr'>γῆν</span> 
     </span>
     <span class='ocr_line' id='line_1_16' title="bbox 205 1781 1297 1869; baseline 0.001 -24"><span class='ocrx_word' id='word_1_129' title='bbox 205 1782 396 1864; x_wconf 69' lang='grc' dir='ltr'><strong><em>καλουμένην</em></strong></span> <span class='ocrx_word' id='word_1_130' title='bbox 408 1782 485 1859; x_wconf 70' lang='lat' dir='ltr'>Not,</span> <span class='ocrx_word' id='word_1_131' title='bbox 502 1781 569 1865; x_wconf 78' lang='grc' dir='ltr'><strong><em>ἥτις</em></strong></span> <span class='ocrx_word' id='word_1_132' title='bbox 581 1790 833 1869; x_wconf 77' lang='grc' dir='ltr'><strong><em>μεθερμηνευετυε</em></strong></span> <span class='ocrx_word' id='word_1_133' title='bbox 843 1784 1011 1867; x_wconf 76' lang='grc' dir='ltr'><strong><em>τρίμουσαε</em></strong></span> <span class='ocrx_word' id='word_1_134' title='bbox 1031 1805 1070 1845; x_wconf 86' lang='lat' dir='ltr'>ex</span> <span class='ocrx_word' id='word_1_135' title='bbox 1080 1784 1128 1844; x_wconf 85' lang='lat' dir='ltr'>bis</span> <span class='ocrx_word' id='word_1_136' title='bbox 1139 1785 1212 1865; x_wconf 89' lang='lat' dir='ltr'>ipsis</span> <span class='ocrx_word' id='word_1_137' title='bbox 1224 1806 1297 1846; x_wconf 83' lang='lat' dir='ltr'>vero</span> 
     </span>
     <span class='ocr_line' id='line_1_17' title="bbox 205 1863 1299 2013; baseline 0.002 -86"><span class='ocrx_word' id='word_1_138' title='bbox 205 1867 395 1928; x_wconf 75' lang='lat' dir='ltr'>versionibus</span> <span class='ocrx_word' id='word_1_139' title='bbox 415 1870 602 1949; x_wconf 82' lang='lat' dir='ltr'>maximeque</span> <span class='ocrx_word' id='word_1_140' title='bbox 624 1889 640 1928; x_wconf 91' lang='lat' dir='ltr'>e</span> <span class='ocrx_word' id='word_1_141' title='bbox 662 1871 778 1929; x_wconf 86' lang='lat' dir='ltr'>ratione</span> <span class='ocrx_word' id='word_1_142' title='bbox 801 1869 916 1929; x_wconf 80' lang='lat' dir='ltr'>citmstli</span> <span class='ocrx_word' id='word_1_143' title='bbox 938 1863 1165 2013; x_wconf 49' lang='grc' dir='ltr'>(ίςομηνεοίεεαεὲΙ</span> <span class='ocrx_word' id='word_1_144' title='bbox 1178 1870 1299 1948; x_wconf 87' lang='lat' dir='ltr'>colligo,</span> 
     </span>
     <span class='ocr_line' id='line_1_18' title="bbox 206 1952 1301 2035; baseline 0.004 -26"><span class='ocrx_word' id='word_1_145' title='bbox 206 1952 369 2030; x_wconf 82' lang='lat' dir='ltr'>Georgium</span> <span class='ocrx_word' id='word_1_146' title='bbox 391 1964 521 2015; x_wconf 86' lang='lat' dir='ltr'>caeteros</span> <span class='ocrx_word' id='word_1_147' title='bbox 540 1954 688 2014; x_wconf 87' lang='lat' dir='ltr'>Ecclesiae</span> <span class='ocrx_word' id='word_1_148' title='bbox 701 1962 801 2035; x_wconf 86' lang='lat' dir='ltr'>patres</span> <span class='ocrx_word' id='word_1_149' title='bbox 821 1952 980 2014; x_wconf 85' lang='lat' dir='ltr'>intellectu</span> <span class='ocrx_word' id='word_1_150' title='bbox 1000 1954 1118 2032; x_wconf 85' lang='lat' dir='ltr'>liuguae</span> <span class='ocrx_word' id='word_1_151' title='bbox 1166 1955 1301 2013; x_wconf 81' lang='lat' dir='ltr'>ebroicae</span> 
     </span>
     <span class='ocr_line' id='line_1_19' title="bbox 205 2034 1300 2121; baseline 0.005 -26"><span class='ocrx_word' id='word_1_152' title='bbox 205 2057 269 2095; x_wconf 89' lang='lat' dir='ltr'>non</span> <span class='ocrx_word' id='word_1_153' title='bbox 291 2056 455 2118; x_wconf 83' lang='lat' dir='ltr'>superasse.</span> <span class='ocrx_word' id='word_1_154' title='bbox 498 2039 651 2113; x_wconf 76' lang='lat' dir='ltr'>&lt;conseris</span> <span class='ocrx_word' id='word_1_155' title='bbox 666 2037 802 2121; x_wconf 88' lang='lat' dir='ltr'>inprimis</span> <span class='ocrx_word' id='word_1_156' title='bbox 822 2057 888 2118; x_wconf 89' lang='lat' dir='ltr'>pag.</span> <span class='ocrx_word' id='word_1_157' title='bbox 903 2040 955 2104; x_wconf 81' lang='lat'>87.</span> <span class='ocrx_word' id='word_1_158' title='bbox 969 2038 1002 2097; x_wconf 83' lang='lat' dir='ltr'>C.</span> <span class='ocrx_word' id='word_1_159' title='bbox 1024 2034 1174 2120; x_wconf 77' lang='grc' dir='ltr'><strong><em>Νεμβροίδ</em></strong></span> <span class='ocrx_word' id='word_1_160' title='bbox 1188 2034 1300 2119; x_wconf 81' lang='grc' dir='ltr'><strong><em>ἤρξατο</em></strong></span> 
     </span>
     <span class='ocr_line' id='line_1_20' title="bbox 206 2116 1300 2207; baseline 0.001 -27"><span class='ocrx_word' id='word_1_161' title='bbox 206 2116 286 2181; x_wconf 77' lang='grc' dir='ltr'><strong><em>εἶναι</em></strong></span> <span class='ocrx_word' id='word_1_162' title='bbox 300 2126 415 2207; x_wconf 79' lang='grc' dir='ltr'><strong><em>γίγας</em></strong></span> <span class='ocrx_word' id='word_1_163' title='bbox 427 2120 476 2185; x_wconf 72' lang='grc' dir='ltr'>ἐπί</span> <span class='ocrx_word' id='word_1_164' title='bbox 491 2127 544 2202; x_wconf 80' lang='grc' dir='ltr'>τῆς</span> <span class='ocrx_word' id='word_1_165' title='bbox 558 2128 615 2205; x_wconf 76' lang='grc' dir='ltr'>γῆς</span> <span class='ocrx_word' id='word_1_166' title='bbox 626 2146 655 2185; x_wconf 84' lang='grc' dir='ltr'>κ.</span> <span class='ocrx_word' id='word_1_167' title='bbox 661 2146 683 2184; x_wconf 86' lang='lat' dir='ltr'>r.</span> <span class='ocrx_word' id='word_1_168' title='bbox 692 2128 730 2201; x_wconf 89' lang='lat' dir='ltr'>t.)</span> <span class='ocrx_word' id='word_1_169' title='bbox 746 2124 848 2202; x_wconf 83' lang='lat' dir='ltr'>Neque</span> <span class='ocrx_word' id='word_1_170' title='bbox 862 2133 973 2182; x_wconf 84' lang='lat' dir='ltr'>temere</span> <span class='ocrx_word' id='word_1_171' title='bbox 980 2123 1148 2183; x_wconf 85' lang='lat' dir='ltr'>versionem</span> <span class='ocrx_word' id='word_1_172' title='bbox 1156 2123 1300 2183; x_wconf 87' lang='lat' dir='ltr'>Graecam</span> 
     </span>
     <span class='ocr_line' id='line_1_21' title="bbox 204 2202 1301 2293; baseline 0.004 -28"><span class='ocrx_word' id='word_1_173' title='bbox 204 2208 300 2266; x_wconf 82' lang='lat' dir='ltr'>raino</span> <span class='ocrx_word' id='word_1_174' title='bbox 324 2207 408 2285; x_wconf 87' lang='lat' dir='ltr'>sequi</span> <span class='ocrx_word' id='word_1_175' title='bbox 423 2206 478 2266; x_wconf 92' lang='lat' dir='ltr'>sibi</span> <span class='ocrx_word' id='word_1_176' title='bbox 489 2209 619 2271; x_wconf 89' lang='lat' dir='ltr'>videtur.</span> <span class='ocrx_word' id='word_1_177' title='bbox 661 2209 735 2268; x_wconf 88' lang='lat' dir='ltr'>Nam</span> <span class='ocrx_word' id='word_1_178' title='bbox 749 2209 817 2267; x_wconf 84' lang='lat' dir='ltr'>Deo</span> <span class='ocrx_word' id='word_1_179' title='bbox 833 2209 1002 2287; x_wconf 72' lang='lat' dir='ltr'>inspirante</span> <span class='ocrx_word' id='word_1_180' title='bbox 1020 2202 1181 2293; x_wconf 66' lang='grc' dir='ltr'><strong><em>(ἐπιπνοίᾳ</em></strong></span> <span class='ocrx_word' id='word_1_181' title='bbox 1200 2206 1301 2286; x_wconf 85' lang='grc' dir='ltr'><strong><em>Θεοῦ)</em></strong></span> 
     </span>
     <span class='ocr_line' id='line_1_22' title="bbox 205 2291 1301 2373; baseline 0.005 -28"><span class='ocrx_word' id='word_1_182' title='bbox 205 2297 305 2346; x_wconf 87' lang='lat' dir='ltr'>totum</span> <span class='ocrx_word' id='word_1_183' title='bbox 324 2299 440 2359; x_wconf 82' lang='lat' dir='ltr'>textum</span> <span class='ocrx_word' id='word_1_184' title='bbox 454 2291 632 2353; x_wconf 88' lang='lat' dir='ltr'>llebraicum</span> <span class='ocrx_word' id='word_1_185' title='bbox 648 2292 859 2373; x_wconf 86' lang='lat' dir='ltr'>interpretatos</span> <span class='ocrx_word' id='word_1_186' title='bbox 872 2312 935 2352; x_wconf 87' lang='lat' dir='ltr'>esse</span> <span class='ocrx_word' id='word_1_187' title='bbox 949 2312 966 2350; x_wconf 93' lang='lat' dir='ltr'>e</span> <span class='ocrx_word' id='word_1_188' title='bbox 981 2291 1058 2352; x_wconf 89' lang='lat' dir='ltr'>libro</span> <span class='ocrx_word' id='word_1_189' title='bbox 1070 2291 1194 2352; x_wconf 77' lang='lat' dir='ltr'>Aristaei</span> <span class='ocrx_word' id='word_1_190' title='bbox 1206 2301 1237 2351; x_wconf 91' lang='lat' dir='ltr'>et</span> <span class='ocrx_word' id='word_1_191' title='bbox 1250 2292 1301 2351; x_wconf 94' lang='lat' dir='ltr'>lo·</span> 
     </span>
     <span class='ocr_line' id='line_1_23' title="bbox 206 2371 1301 2457; baseline -0.005 -18"><span class='ocrx_word' id='word_1_192' title='bbox 206 2371 300 2451; x_wconf 69' lang='lat' dir='ltr'>sepho</span> <span class='ocrx_word' id='word_1_193' title='bbox 317 2394 347 2453; x_wconf 78' lang='grc' dir='ltr'><strong>Ρ.</strong></span> <span class='ocrx_word' id='word_1_194' title='bbox 360 2380 432 2440; x_wconf 82' lang='lat'><strong>272.</strong></span> <span class='ocrx_word' id='word_1_195' title='bbox 450 2376 481 2437; x_wconf 88' lang='lat' dir='ltr'>C.</span> <span class='ocrx_word' id='word_1_196' title='bbox 496 2387 608 2454; x_wconf 82' lang='lat' dir='ltr'>narrat,</span> <span class='ocrx_word' id='word_1_197' title='bbox 629 2385 664 2435; x_wconf 92' lang='lat' dir='ltr'>ut</span> <span class='ocrx_word' id='word_1_198' title='bbox 677 2378 859 2437; x_wconf 77' lang='lat' dir='ltr'>Ptolemaeus</span> <span class='ocrx_word' id='word_1_199' title='bbox 871 2374 1082 2457; x_wconf 74' lang='lat' dir='ltr'>Philadelphus</span> <span class='ocrx_word' id='word_1_200' title='bbox 1094 2386 1124 2437; x_wconf 87' lang='lat' dir='ltr'>et</span> <span class='ocrx_word' id='word_1_201' title='bbox 1137 2376 1301 2436; x_wconf 86' lang='lat' dir='ltr'>Demetrius</span> 
     </span>
     <span class='ocr_line' id='line_1_24' title="bbox 205 2455 1301 2541; baseline 0.002 -24"><span class='ocrx_word' id='word_1_202' title='bbox 205 2455 363 2517; x_wconf 74' lang='lat' dir='ltr'>Phalereus</span> <span class='ocrx_word' id='word_1_203' title='bbox 375 2466 405 2514; x_wconf 90' lang='lat' dir='ltr'>et</span> <span class='ocrx_word' id='word_1_204' title='bbox 419 2460 507 2517; x_wconf 89' lang='lat' dir='ltr'>multi</span> <span class='ocrx_word' id='word_1_205' title='bbox 521 2462 572 2519; x_wconf 89' lang='lat' dir='ltr'>alii</span> <span class='ocrx_word' id='word_1_206' title='bbox 586 2460 795 2541; x_wconf 84' lang='lat' dir='ltr'>sapientissimi</span> <span class='ocrx_word' id='word_1_207' title='bbox 808 2460 1097 2538; x_wconf 74' lang='lat' dir='ltr'>Alexandrinorum,</span> <span class='ocrx_word' id='word_1_208' title='bbox 1120 2460 1301 2540; x_wconf 86' lang='lat' dir='ltr'>interpreta-</span> 
     </span>
     <span class='ocr_line' id='line_1_25' title="bbox 205 2540 1301 2624; baseline 0.002 -23"><span class='ocrx_word' id='word_1_209' title='bbox 205 2542 291 2601; x_wconf 85' lang='lat' dir='ltr'>tione</span> <span class='ocrx_word' id='word_1_210' title='bbox 313 2542 460 2621; x_wconf 80' lang='lat' dir='ltr'>perlecta,</span> <span class='ocrx_word' id='word_1_211' title='bbox 490 2540 573 2601; x_wconf 87' lang='lat' dir='ltr'>hunc</span> <span class='ocrx_word' id='word_1_212' title='bbox 593 2545 690 2603; x_wconf 89' lang='lat' dir='ltr'>solum</span> <span class='ocrx_word' id='word_1_213' title='bbox 709 2546 820 2605; x_wconf 88' lang='lat' dir='ltr'>librum</span> <span class='ocrx_word' id='word_1_214' title='bbox 841 2566 857 2603; x_wconf 93' lang='lat' dir='ltr'>a</span> <span class='ocrx_word' id='word_1_215' title='bbox 877 2546 930 2604; x_wconf 88' lang='lat' dir='ltr'>Dei</span> <span class='ocrx_word' id='word_1_216' title='bbox 952 2546 1061 2624; x_wconf 89' lang='lat' dir='ltr'>spiritu</span> <span class='ocrx_word' id='word_1_217' title='bbox 1082 2546 1219 2603; x_wconf 88' lang='lat' dir='ltr'>inflatum</span> <span class='ocrx_word' id='word_1_218' title='bbox 1238 2564 1301 2603; x_wconf 91' lang='lat' dir='ltr'>esse</span> 
     </span>
     <span class='ocr_line' id='line_1_26' title="bbox 207 2622 1352 2713; baseline 0.002 -29"><span class='ocrx_word' id='word_1_219' title='bbox 207 2626 336 2684; x_wconf 81' lang='lat' dir='ltr'>confessi</span> <span class='ocrx_word' id='word_1_220' title='bbox 351 2625 422 2687; x_wconf 89' lang='lat' dir='ltr'>sint.</span> <span class='ocrx_word' id='word_1_221' title='bbox 439 2622 468 2713; x_wconf 86' lang='lat'>⁸)</span> <span class='ocrx_word' id='word_1_222' title='bbox 483 2658 526 2675; x_wconf 90' lang='lat'><em>-</em></span> <span class='ocrx_word' id='word_1_223' title='bbox 545 2626 620 2687; x_wconf 85' lang='lat' dir='ltr'>Tum</span> <span class='ocrx_word' id='word_1_224' title='bbox 634 2646 774 2687; x_wconf 85' lang='lat' dir='ltr'>numeros</span> <span class='ocrx_word' id='word_1_225' title='bbox 790 2628 927 2685; x_wconf 82' lang='lat' dir='ltr'>codicum</span> <span class='ocrx_word' id='word_1_226' title='bbox 943 2628 1158 2688; x_wconf 86' lang='lat' dir='ltr'>llebraicorum</span> <span class='ocrx_word' id='word_1_227' title='bbox 1171 2630 1301 2686; x_wconf 79' lang='lat' dir='ltr'>minores</span> <span class='ocrx_word' id='word_1_228' title='bbox 1350 2638 1352 2641; x_wconf 69' lang='lat'>‘</span> 
     </span>
     <span class='ocr_line' id='line_1_27' title="bbox 207 2710 1301 2793; baseline 0.001 -23"><span class='ocrx_word' id='word_1_229' title='bbox 207 2710 347 2770; x_wconf 88' lang='lat' dir='ltr'>omnibus</span> <span class='ocrx_word' id='word_1_230' title='bbox 361 2710 579 2771; x_wconf 83' lang='lat' dir='ltr'>Historicorum</span> <span class='ocrx_word' id='word_1_231' title='bbox 592 2712 770 2772; x_wconf 86' lang='lat' dir='ltr'>testimoniis</span> <span class='ocrx_word' id='word_1_232' title='bbox 790 2711 1002 2772; x_wconf 82' lang='lat' dir='ltr'>contradicere.</span> <span class='ocrx_word' id='word_1_233' title='bbox 1042 2711 1098 2771; x_wconf 81' lang='lat' dir='ltr'>llis</span> <span class='ocrx_word' id='word_1_234' title='bbox 1117 2712 1196 2793; x_wconf 71' lang='lat' dir='ltr'>enim</span> <span class='ocrx_word' id='word_1_235' title='bbox 1217 2730 1301 2771; x_wconf 88' lang='lat' dir='ltr'>acce·</span> 
     </span>
     <span class='ocr_line' id='line_1_28' title="bbox 205 2794 1300 2877; baseline 0.001 -24"><span class='ocrx_word' id='word_1_236' title='bbox 205 2796 270 2877; x_wconf 86' lang='lat' dir='ltr'>ptis</span> <span class='ocrx_word' id='word_1_237' title='bbox 291 2816 309 2853; x_wconf 89' lang='lat' dir='ltr'>a</span> <span class='ocrx_word' id='word_1_238' title='bbox 325 2794 439 2853; x_wconf 88' lang='lat' dir='ltr'>diluvio</span> <span class='ocrx_word' id='word_1_239' title='bbox 452 2815 546 2875; x_wconf 87' lang='lat' dir='ltr'>usqua</span> <span class='ocrx_word' id='word_1_240' title='bbox 560 2796 598 2855; x_wconf 80' lang='lat' dir='ltr'>atl</span> <span class='ocrx_word' id='word_1_241' title='bbox 620 2797 767 2856; x_wconf 76' lang='lat' dir='ltr'>Abraham</span> <span class='ocrx_word' id='word_1_242' title='bbox 785 2816 878 2855; x_wconf 86' lang='lat' dir='ltr'>annos</span> <span class='ocrx_word' id='word_1_243' title='bbox 899 2795 1087 2856; x_wconf 85' lang='lat' dir='ltr'>solummodo</span> <span class='ocrx_word' id='word_1_244' title='bbox 1103 2802 1168 2862; x_wconf 73' lang='lat'>292</span> <span class='ocrx_word' id='word_1_245' title='bbox 1184 2797 1300 2874; x_wconf 77' lang='lat' dir='ltr'>colligi,</span> 
     </span>
     <span class='ocr_line' id='line_1_29' title="bbox 206 2879 1302 2959; baseline 0.001 -20"><span class='ocrx_word' id='word_1_246' title='bbox 206 2880 354 2959; x_wconf 70' lang='lat' dir='ltr'>Notaque</span> <span class='ocrx_word' id='word_1_247' title='bbox 375 2899 460 2956; x_wconf 87' lang='lat' dir='ltr'>ergo,</span> <span class='ocrx_word' id='word_1_248' title='bbox 492 2879 545 2959; x_wconf 90' lang='lat' dir='ltr'>qui</span> <span class='ocrx_word' id='word_1_249' title='bbox 565 2880 651 2939; x_wconf 89' lang='lat' dir='ltr'>annis</span> <span class='ocrx_word' id='word_1_250' title='bbox 670 2882 733 2946; x_wconf 80' lang='lat'>850</span> <span class='ocrx_word' id='word_1_251' title='bbox 754 2879 870 2940; x_wconf 81' lang='lat' dir='ltr'>diluvio</span> <span class='ocrx_word' id='word_1_252' title='bbox 884 2881 1080 2959; x_wconf 80' lang='lat' dir='ltr'>superfuerit,</span> <span class='ocrx_word' id='word_1_253' title='bbox 1100 2880 1193 2939; x_wconf 88' lang='lat' dir='ltr'>vitam</span> <span class='ocrx_word' id='word_1_254' title='bbox 1207 2886 1302 2959; x_wconf 79' lang='lat' dir='ltr'>usqam</span> 
     </span>
     <span class='ocr_line' id='line_1_30' title="bbox 207 2962 1303 3045; baseline 0.003 -22"><span class='ocrx_word' id='word_1_255' title='bbox 207 2965 250 3023; x_wconf 89' lang='lat' dir='ltr'>ad</span> <span class='ocrx_word' id='word_1_256' title='bbox 263 2968 305 3029; x_wconf 87' lang='lat'>58</span> <span class='ocrx_word' id='word_1_257' title='bbox 319 2984 430 3023; x_wconf 81' lang='lat' dir='ltr'>sarnum</span> <span class='ocrx_word' id='word_1_258' title='bbox 442 2963 576 3023; x_wconf 83' lang='lat' dir='ltr'>Abrabae</span> <span class='ocrx_word' id='word_1_259' title='bbox 590 2964 778 3045; x_wconf 82' lang='lat' dir='ltr'>produxisse.</span> <span class='ocrx_word' id='word_1_260' title='bbox 795 2995 834 3011; x_wconf 93' lang='lat'>-·</span> <span class='ocrx_word' id='word_1_261' title='bbox 857 2965 988 3043; x_wconf 80' lang='lat' dir='ltr'>llesrique</span> <span class='ocrx_word' id='word_1_262' title='bbox 1001 2962 1222 3043; x_wconf 89' lang='lat' dir='ltr'>antiquissimos</span> <span class='ocrx_word' id='word_1_263' title='bbox 1234 2966 1303 3026; x_wconf 90' lang='lat' dir='ltr'>illos</span> 
     </span>
     <span class='ocr_line' id='line_1_31' title="bbox 205 3048 1306 3130; baseline 0.001 -22"><span class='ocrx_word' id='word_1_264' title='bbox 205 3048 368 3109; x_wconf 86' lang='lat' dir='ltr'>lsominum</span> <span class='ocrx_word' id='word_1_265' title='bbox 383 3048 528 3127; x_wconf 82' lang='lat' dir='ltr'>longioris</span> <span class='ocrx_word' id='word_1_266' title='bbox 541 3050 606 3108; x_wconf 84' lang='lat' dir='ltr'>aevi</span> <span class='ocrx_word' id='word_1_267' title='bbox 622 3050 722 3126; x_wconf 86' lang='lat' dir='ltr'>luisse,</span> <span class='ocrx_word' id='word_1_268' title='bbox 739 3057 774 3109; x_wconf 87' lang='lat' dir='ltr'>ut</span> <span class='ocrx_word' id='word_1_269' title='bbox 785 3048 904 3127; x_wconf 87' lang='lat' dir='ltr'>longius</span> <span class='ocrx_word' id='word_1_270' title='bbox 916 3050 1061 3129; x_wconf 87' lang='lat' dir='ltr'>temporis</span> <span class='ocrx_word' id='word_1_271' title='bbox 1073 3049 1212 3130; x_wconf 80' lang='lat' dir='ltr'>spatium,</span> <span class='ocrx_word' id='word_1_272' title='bbox 1230 3071 1306 3130; x_wconf 86' lang='lat' dir='ltr'>pro·</span> 
     </span>
     <span class='ocr_line' id='line_1_32' title="bbox 207 3132 1306 3214; baseline 0 -21"><span class='ocrx_word' id='word_1_273' title='bbox 207 3132 377 3195; x_wconf 85' lang='lat' dir='ltr'>creationes</span> <span class='ocrx_word' id='word_1_274' title='bbox 398 3134 530 3193; x_wconf 74' lang='lat' dir='ltr'>filiorum</span> <span class='ocrx_word' id='word_1_275' title='bbox 553 3134 735 3214; x_wconf 87' lang='lat' dir='ltr'>procedens,</span> <span class='ocrx_word' id='word_1_276' title='bbox 757 3134 879 3214; x_wconf 80' lang='lat' dir='ltr'>magiae</span> <span class='ocrx_word' id='word_1_277' title='bbox 897 3140 1005 3193; x_wconf 86' lang='lat' dir='ltr'>natura</span> <span class='ocrx_word' id='word_1_278' title='bbox 1019 3153 1119 3193; x_wconf 86' lang='lat' dir='ltr'>raram</span> <span class='ocrx_word' id='word_1_279' title='bbox 1138 3132 1192 3209; x_wconf 90' lang='lat' dir='ltr'>sit,</span> <span class='ocrx_word' id='word_1_280' title='bbox 1215 3154 1306 3214; x_wconf 85' lang='lat' dir='ltr'>quam</span> 
     </span>
     <span class='ocr_line' id='line_1_33' title="bbox 205 3216 1305 3294; baseline -0.002 -15"><span class='ocrx_word' id='word_1_281' title='bbox 205 3219 343 3279; x_wconf 87' lang='lat' dir='ltr'>brevius.</span> <span class='ocrx_word' id='word_1_282' title='bbox 387 3218 585 3293; x_wconf 87' lang='lat' dir='ltr'>Quamobrem</span> <span class='ocrx_word' id='word_1_283' title='bbox 600 3220 730 3281; x_wconf 85' lang='lat' dir='ltr'>nsinorea</span> <span class='ocrx_word' id='word_1_284' title='bbox 744 3238 892 3278; x_wconf 89' lang='lat' dir='ltr'>annorum</span> <span class='ocrx_word' id='word_1_285' title='bbox 907 3238 1063 3294; x_wconf 88' lang='lat' dir='ltr'>numeros,</span> <span class='ocrx_word' id='word_1_286' title='bbox 1083 3216 1116 3275; x_wconf 87' lang='lat' dir='ltr'>in</span> <span class='ocrx_word' id='word_1_287' title='bbox 1136 3217 1222 3276; x_wconf 91' lang='lat' dir='ltr'>libris</span> <span class='ocrx_word' id='word_1_288' title='bbox 1241 3218 1305 3277; x_wconf 82' lang='lat' dir='ltr'>lle-</span> 
     </span>
     <span class='ocr_line' id='line_1_34' title="bbox 205 3298 1306 3384; baseline -0.001 -21"><span class='ocrx_word' id='word_1_289' title='bbox 205 3303 322 3363; x_wconf 87' lang='lat' dir='ltr'>braicis</span> <span class='ocrx_word' id='word_1_290' title='bbox 338 3312 407 3361; x_wconf 91' lang='lat' dir='ltr'>ante</span> <span class='ocrx_word' id='word_1_291' title='bbox 421 3302 550 3363; x_wconf 88' lang='lat' dir='ltr'>liliorum</span> <span class='ocrx_word' id='word_1_292' title='bbox 571 3304 806 3383; x_wconf 86' lang='lat' dir='ltr'>procreationem</span> <span class='ocrx_word' id='word_1_293' title='bbox 832 3312 1030 3384; x_wconf 89' lang='lat' dir='ltr'>computatos,</span> <span class='ocrx_word' id='word_1_294' title='bbox 1048 3301 1085 3360; x_wconf 85' lang='lat' dir='ltr'>ab</span> <span class='ocrx_word' id='word_1_295' title='bbox 1101 3298 1176 3381; x_wconf 86' lang='lat' dir='ltr'>ipsis</span> <span class='ocrx_word' id='word_1_296' title='bbox 1191 3302 1306 3363; x_wconf 84' lang='lat' dir='ltr'>ludaeis</span> 
     </span>
     <span class='ocr_line' id='line_1_35' title="bbox 206 3385 1307 3467; baseline -0.001 -21"><span class='ocrx_word' id='word_1_297' title='bbox 206 3387 397 3464; x_wconf 85' lang='lat' dir='ltr'>excogitatos</span> <span class='ocrx_word' id='word_1_298' title='bbox 420 3408 483 3447; x_wconf 85' lang='lat' dir='ltr'>esse</span> <span class='ocrx_word' id='word_1_299' title='bbox 502 3386 646 3466; x_wconf 83' lang='lat' dir='ltr'>Georgius</span> <span class='ocrx_word' id='word_1_300' title='bbox 662 3388 849 3467; x_wconf 80' lang='lat' dir='ltr'>suspicatur,</span> <span class='ocrx_word' id='word_1_301' title='bbox 871 3398 907 3446; x_wconf 90' lang='lat' dir='ltr'>ut</span> <span class='ocrx_word' id='word_1_302' title='bbox 926 3385 1114 3467; x_wconf 89' lang='lat' dir='ltr'>praecocium</span> <span class='ocrx_word' id='word_1_303' title='bbox 1132 3387 1307 3466; x_wconf 87' lang='lat' dir='ltr'>nuptiarum</span> 
     </span>
    </p>
   </div>
   <div class='ocr_carea' id='block_1_3' title="bbox 185 3470 1383 3639">
    <p class='ocr_par' dir='ltr' id='par_1_4' title="bbox 185 3470 1383 3639">
     <span class='ocr_line' id='line_1_36' title="bbox 205 3470 1307 3550; baseline -0.001 -18"><span class='ocrx_word' id='word_1_304' title='bbox 205 3472 363 3532; x_wconf 85' lang='lat' dir='ltr'>licentiam</span> <span class='ocrx_word' id='word_1_305' title='bbox 385 3473 529 3532; x_wconf 89' lang='lat' dir='ltr'>nonnulla</span> <span class='ocrx_word' id='word_1_306' title='bbox 548 3472 705 3533; x_wconf 89' lang='lat' dir='ltr'>habuerint</span> <span class='ocrx_word' id='word_1_307' title='bbox 726 3471 904 3533; x_wconf 86' lang='lat' dir='ltr'>auctoritate</span> <span class='ocrx_word' id='word_1_308' title='bbox 925 3470 1086 3531; x_wconf 77' lang='lat' dir='ltr'>munitamz</span> <span class='ocrx_word' id='word_1_309' title='bbox 1114 3489 1181 3550; x_wconf 86' lang='lat' dir='ltr'>pag.</span> <span class='ocrx_word' id='word_1_310' title='bbox 1203 3472 1253 3537; x_wconf 76' lang='grc'><strong>84.</strong></span> <span class='ocrx_word' id='word_1_311' title='bbox 1274 3473 1307 3531; x_wconf 85' lang='lat' dir='ltr'>C.</span> 
     </span>
     <span class='ocr_line' id='line_1_37' title="bbox 185 3553 1383 3639; baseline 0.002 -25"><span class='ocrx_word' id='word_1_312' title='bbox 185 3626 186 3629; x_wconf 7' lang='grc' dir='ltr'><strong>Ἴ</strong></span> <span class='ocrx_word' id='word_1_313' title='bbox 206 3556 269 3632; x_wconf 84' lang='grc'><strong>1),,</strong></span> <span class='ocrx_word' id='word_1_314' title='bbox 291 3576 357 3637; x_wconf 85' lang='lat' dir='ltr'>pag.</span> <span class='ocrx_word' id='word_1_315' title='bbox 374 3560 423 3622; x_wconf 83' lang='lat'>89.</span> <span class='ocrx_word' id='word_1_316' title='bbox 440 3558 473 3619; x_wconf 90' lang='lat' dir='ltr'>B.</span> <span class='ocrx_word' id='word_1_317' title='bbox 491 3560 522 3619; x_wconf 87' lang='lat' dir='ltr'>C.</span> <span class='ocrx_word' id='word_1_318' title='bbox 539 3553 568 3639; x_wconf 82' lang='lat'>⁹)</span> <span class='ocrx_word' id='word_1_319' title='bbox 1380 3562 1383 3568; x_wconf 82' lang='grc'><strong>“</strong></span> 
     </span>
    </p>
   </div>
   <div class='ocr_carea' id='block_1_4' title="bbox 247 3667 1311 4016">
    <p class='ocr_par' dir='ltr' id='par_1_5' title="bbox 247 3667 1311 4016">
     <span class='ocr_line' id='line_1_38' title="bbox 247 3667 1310 3741; baseline 0 -16"><span class='ocrx_word' id='word_1_320' title='bbox 247 3672 280 3738; x_wconf 80' lang='grc'>7)</span> <span class='ocrx_word' id='word_1_321' title='bbox 300 3672 362 3739; x_wconf 76' lang='lat' dir='ltr'>Peg.</span> <span class='ocrx_word' id='word_1_322' title='bbox 374 3673 433 3725; x_wconf 81' lang='lat'><strong>321.</strong></span> <span class='ocrx_word' id='word_1_323' title='bbox 447 3670 478 3725; x_wconf 83' lang='lat' dir='ltr'>R.</span> <span class='ocrx_word' id='word_1_324' title='bbox 496 3688 592 3725; x_wconf 84' lang='lat' dir='ltr'>onmem</span> <span class='ocrx_word' id='word_1_325' title='bbox 606 3670 681 3725; x_wconf 88' lang='lat' dir='ltr'>buius</span> <span class='ocrx_word' id='word_1_326' title='bbox 693 3667 782 3741; x_wconf 87' lang='lat' dir='ltr'>scripti</span> <span class='ocrx_word' id='word_1_327' title='bbox 798 3670 910 3727; x_wconf 88' lang='lat' dir='ltr'>laborem</span> <span class='ocrx_word' id='word_1_328' title='bbox 931 3687 986 3725; x_wconf 85' lang='lat' dir='ltr'>eam</span> <span class='ocrx_word' id='word_1_329' title='bbox 1002 3671 1036 3725; x_wconf 96' lang='lat' dir='ltr'>ob</span> <span class='ocrx_word' id='word_1_330' title='bbox 1050 3687 1151 3725; x_wconf 86' lang='lat' dir='ltr'>oausam</span> <span class='ocrx_word' id='word_1_331' title='bbox 1164 3676 1310 3740; x_wconf 82' lang='lat' dir='ltr'>susceptum</span> 
     </span>
     <span class='ocr_line' id='line_1_39' title="bbox 283 3740 1309 3809; baseline 0.002 -18"><span class='ocrx_word' id='word_1_332' title='bbox 283 3757 340 3791; x_wconf 81' lang='lat' dir='ltr'>esse</span> <span class='ocrx_word' id='word_1_333' title='bbox 358 3749 459 3805; x_wconf 87' lang='lat' dir='ltr'>narrat,</span> <span class='ocrx_word' id='word_1_334' title='bbox 477 3750 506 3794; x_wconf 90' lang='lat' dir='ltr'>ut</span> <span class='ocrx_word' id='word_1_335' title='bbox 522 3742 653 3804; x_wconf 84' lang='lat' dir='ltr'>ostendat,</span> <span class='ocrx_word' id='word_1_336' title='bbox 677 3740 758 3805; x_wconf 78' lang='lat' dir='ltr'>dictu,</span> <span class='ocrx_word' id='word_1_337' title='bbox 780 3758 830 3809; x_wconf 89' lang='lat' dir='ltr'>quo</span> <span class='ocrx_word' id='word_1_338' title='bbox 850 3750 922 3794; x_wconf 86' lang='lat' dir='ltr'>terra</span> <span class='ocrx_word' id='word_1_339' title='bbox 944 3748 1033 3793; x_wconf 87' lang='lat' dir='ltr'>creata</span> <span class='ocrx_word' id='word_1_340' title='bbox 1051 3740 1102 3803; x_wconf 84' lang='lat' dir='ltr'>ait,</span> <span class='ocrx_word' id='word_1_341' title='bbox 1119 3740 1232 3794; x_wconf 86' lang='lat' dir='ltr'>eumdem</span> <span class='ocrx_word' id='word_1_342' title='bbox 1251 3759 1309 3793; x_wconf 88' lang='lat' dir='ltr'>esse</span> 
     </span>
     <span class='ocr_line' id='line_1_40' title="bbox 283 3807 1309 3879; baseline 0.002 -20"><span class='ocrx_word' id='word_1_343' title='bbox 283 3807 438 3874; x_wconf 78' lang='lat' dir='ltr'>allemanni,</span> <span class='ocrx_word' id='word_1_344' title='bbox 456 3826 505 3878; x_wconf 89' lang='lat' dir='ltr'>quo</span> <span class='ocrx_word' id='word_1_345' title='bbox 520 3817 609 3862; x_wconf 85' lang='lat' dir='ltr'>sancta</span> <span class='ocrx_word' id='word_1_346' title='bbox 629 3810 710 3877; x_wconf 79' lang='lat' dir='ltr'>Virgo</span> <span class='ocrx_word' id='word_1_347' title='bbox 729 3810 806 3863; x_wconf 86' lang='lat' dir='ltr'>lilium</span> <span class='ocrx_word' id='word_1_348' title='bbox 825 3809 982 3879; x_wconf 84' lang='lat' dir='ltr'>unigenitum</span> <span class='ocrx_word' id='word_1_349' title='bbox 996 3809 1046 3861; x_wconf 86' lang='lat' dir='ltr'>Del</span> <span class='ocrx_word' id='word_1_350' title='bbox 1059 3808 1222 3877; x_wconf 84' lang='lat' dir='ltr'>conceperit,</span> <span class='ocrx_word' id='word_1_351' title='bbox 1240 3826 1309 3861; x_wconf 87' lang='lat' dir='ltr'>eum-</span> 
     </span>
     <span class='ocr_line' id='line_1_41' title="bbox 283 3876 1311 3948; baseline 0.004 -22"><span class='ocrx_word' id='word_1_352' title='bbox 283 3876 340 3927; x_wconf 84' lang='lat' dir='ltr'>desn</span> <span class='ocrx_word' id='word_1_353' title='bbox 360 3896 401 3941; x_wconf 87' lang='lat' dir='ltr'>ue,</span> <span class='ocrx_word' id='word_1_354' title='bbox 419 3896 469 3948; x_wconf 87' lang='lat' dir='ltr'>quo</span> <span class='ocrx_word' id='word_1_355' title='bbox 480 3879 598 3931; x_wconf 83' lang='lat' dir='ltr'>Christus</span> <span class='ocrx_word' id='word_1_356' title='bbox 611 3894 627 3930; x_wconf 90' lang='lat' dir='ltr'>a</span> <span class='ocrx_word' id='word_1_357' title='bbox 638 3878 744 3930; x_wconf 81' lang='lat' dir='ltr'>rarortuis</span> <span class='ocrx_word' id='word_1_358' title='bbox 756 3877 937 3943; x_wconf 82' lang='lat' dir='ltr'>resurrexerit,</span> <span class='ocrx_word' id='word_1_359' title='bbox 952 3895 1043 3946; x_wconf 86' lang='lat' dir='ltr'>nempe</span> <span class='ocrx_word' id='word_1_360' title='bbox 1054 3885 1172 3931; x_wconf 79' lang='lat' dir='ltr'>octavam</span> <span class='ocrx_word' id='word_1_361' title='bbox 1183 3878 1311 3930; x_wconf 84' lang='lat' dir='ltr'>calendas</span> 
     </span>
     <span class='ocr_line' id='line_1_42' title="bbox 284 3895 1311 4016; baseline 0.003 -19"><span class='ocrx_word' id='word_1_362' title='bbox 284 3895 395 4013; x_wconf 75' lang='lat' dir='ltr'>Apriles.</span> <span class='ocrx_word' id='word_1_363' title='bbox 478 3949 509 4015; x_wconf 85' lang='lat'>8)</span> <span class='ocrx_word' id='word_1_364' title='bbox 531 3947 587 3999; x_wconf 88' lang='lat' dir='ltr'>llac</span> <span class='ocrx_word' id='word_1_365' title='bbox 610 3963 671 4015; x_wconf 85' lang='lat' dir='ltr'>pag.</span> <span class='ocrx_word' id='word_1_366' title='bbox 687 3950 746 4002; x_wconf 71' lang='lat'>272.</span> <span class='ocrx_word' id='word_1_367' title='bbox 765 3949 797 3999; x_wconf 79' lang='lat' dir='ltr'>O.</span> <span class='ocrx_word' id='word_1_368' title='bbox 821 3947 952 4016; x_wconf 82' lang='lat' dir='ltr'>corrigasa</span> <span class='ocrx_word' id='word_1_369' title='bbox 977 3944 1185 4014; x_wconf 72' lang='grc' dir='ltr'><strong><em>ίξείιαὰοηοενς</em></strong></span> <span class='ocrx_word' id='word_1_370' title='bbox 1208 3947 1240 3998; x_wconf 85' lang='grc' dir='ltr'>Β.</span> <span class='ocrx_word' id='word_1_371' title='bbox 1263 3945 1311 4000; x_wconf 78' lang='lat' dir='ltr'>sat</span> 
     </span>
    </p>
   </div>
   <div class='ocr_carea' id='block_1_5' title="bbox 285 4012 1331 4507">
    <p class='ocr_par' dir='ltr' id='par_1_6' title="bbox 285 4012 1331 4507">
     <span class='ocr_line' id='line_1_43' title="bbox 286 4012 1331 4084; baseline -0.004 -16"><span class='ocrx_word' id='word_1_372' title='bbox 286 4012 438 4084; x_wconf 74' lang='grc' dir='ltr'><strong><em>Θεοδέκτης</em></strong></span> <span class='ocrx_word' id='word_1_373' title='bbox 449 4014 590 4084; x_wconf 60' lang='lat' dir='ltr'>arwasiae</span> <span class='ocrx_word' id='word_1_374' title='bbox 608 4016 701 4082; x_wconf 86' lang='lat' dir='ltr'>legitur</span> <span class='ocrx_word' id='word_1_375' title='bbox 711 4015 758 4071; x_wconf 77' lang='lat' dir='ltr'>aaut</span> <span class='ocrx_word' id='word_1_376' title='bbox 775 4014 924 4078; x_wconf 75' lang='grc' dir='ltr'><strong><em>Θεόδεαεος</em></strong></span> <span class='ocrx_word' id='word_1_377' title='bbox 941 4013 1108 4084; x_wconf 64' lang='lat' dir='ltr'>capereris:</span> <span class='ocrx_word' id='word_1_378' title='bbox 1132 4017 1250 4067; x_wconf 84' lang='lat' dir='ltr'>conferas</span> <span class='ocrx_word' id='word_1_379' title='bbox 1263 4031 1309 4065; x_wconf 83' lang='lat' dir='ltr'>ve-</span> <span class='ocrx_word' id='word_1_380' title='bbox 1329 4057 1331 4060; x_wconf 96' lang='lat'>.</span> 
     </span>
     <span class='ocr_line' id='line_1_44' title="bbox 285 4081 1309 4157; baseline -0.003 -21"><span class='ocrx_word' id='word_1_381' title='bbox 285 4100 315 4136; x_wconf 89' lang='lat' dir='ltr'>ra</span> <span class='ocrx_word' id='word_1_382' title='bbox 332 4082 434 4153; x_wconf 84' lang='lat' dir='ltr'>losepbl</span> <span class='ocrx_word' id='word_1_383' title='bbox 449 4088 553 4156; x_wconf 75' lang='lat' dir='ltr'>Antiqu.</span> <span class='ocrx_word' id='word_1_384' title='bbox 567 4084 625 4137; x_wconf 86' lang='lat' dir='ltr'>llll.</span> <span class='ocrx_word' id='word_1_385' title='bbox 644 4103 667 4136; x_wconf 89' lang='lat' dir='ltr'>e.</span> <span class='ocrx_word' id='word_1_386' title='bbox 683 4086 709 4137; x_wconf 72' lang='grc'>2.</span> <span class='ocrx_word' id='word_1_387' title='bbox 728 4089 754 4151; x_wconf 74' lang='lat' dir='ltr'>s.</span> <span class='ocrx_word' id='word_1_388' title='bbox 774 4084 822 4148; x_wconf 74' lang='lat'>133</span> <span class='ocrx_word' id='word_1_389' title='bbox 846 4093 874 4138; x_wconf 86' lang='lat' dir='ltr'>et</span> <span class='ocrx_word' id='word_1_390' title='bbox 891 4101 951 4157; x_wconf 79' lang='lat' dir='ltr'>pag.</span> <span class='ocrx_word' id='word_1_391' title='bbox 967 4088 1028 4141; x_wconf 58' lang='lat'>27&amp;</span> <span class='ocrx_word' id='word_1_392' title='bbox 1045 4087 1077 4138; x_wconf 81' lang='grc' dir='ltr'>Α.</span> <span class='ocrx_word' id='word_1_393' title='bbox 1094 4081 1237 4149; x_wconf 76' lang='grc' dir='ltr'><strong><em>ε’ξονήσεοι</em></strong></span> <span class='ocrx_word' id='word_1_394' title='bbox 1252 4099 1309 4134; x_wconf 85' lang='lat' dir='ltr'>ver-</span> 
     </span>
     <span class='ocr_line' id='line_1_45' title="bbox 285 4150 1314 4226; baseline 0 -21"><span class='ocrx_word' id='word_1_395' title='bbox 285 4152 343 4205; x_wconf 83' lang='lat' dir='ltr'>bum</span> <span class='ocrx_word' id='word_1_396' title='bbox 365 4154 438 4205; x_wconf 85' lang='lat' dir='ltr'>nihili</span> <span class='ocrx_word' id='word_1_397' title='bbox 455 4166 511 4219; x_wconf 79' lang='lat' dir='ltr'>est3</span> <span class='ocrx_word' id='word_1_398' title='bbox 535 4156 608 4223; x_wconf 77' lang='lat' dir='ltr'>lego:</span> <span class='ocrx_word' id='word_1_399' title='bbox 631 4150 739 4209; x_wconf 76' lang='grc' dir='ltr'><strong><em>δώδεκα</em></strong></span> <span class='ocrx_word' id='word_1_400' title='bbox 763 4153 899 4223; x_wconf 76' lang='grc' dir='ltr'>μυριάδες</span> <span class='ocrx_word' id='word_1_401' title='bbox 919 4152 1064 4209; x_wconf 76' lang='grc' dir='ltr'><strong><em>Ἰουδαίων</em></strong></span> <span class='ocrx_word' id='word_1_402' title='bbox 1082 4152 1314 4226; x_wconf 58' lang='lat' dir='ltr'>,temtabatur</span> 
     </span>
     <span class='ocr_line' id='line_1_46' title="bbox 285 4218 1315 4303; baseline 0.001 -29"><span class='ocrx_word' id='word_1_403' title='bbox 285 4224 435 4291; x_wconf 70' lang='lat' dir='ltr'>paratarma</span> <span class='ocrx_word' id='word_1_404' title='bbox 447 4222 567 4292; x_wconf 73' lang='grc' dir='ltr'><strong><em>χρήμασι</em></strong></span> <span class='ocrx_word' id='word_1_405' title='bbox 586 4225 626 4287; x_wconf 84' lang='grc' dir='ltr'>εἰς</span> <span class='ocrx_word' id='word_1_406' title='bbox 644 4220 695 4292; x_wconf 78' lang='grc' dir='ltr'>τὴν</span> <span class='ocrx_word' id='word_1_407' title='bbox 713 4218 868 4279; x_wconf 75' lang='grc' dir='ltr'><strong><em>Ἰουδαίου</em></strong></span> <span class='ocrx_word' id='word_1_408' title='bbox 884 4221 1106 4293; x_wconf 58' lang='lat' dir='ltr'>tenementum.</span> <span class='ocrx_word' id='word_1_409' title='bbox 1166 4223 1217 4303; x_wconf 51' lang='grc' dir='ltr'>ἱ,9)</span> <span class='ocrx_word' id='word_1_410' title='bbox 1243 4222 1315 4275; x_wconf 79' lang='lat' dir='ltr'>Haec</span> 
     </span>
     <span class='ocr_line' id='line_1_47' title="bbox 287 4290 1312 4416; baseline -0.004 -71"><span class='ocrx_word' id='word_1_411' title='bbox 287 4304 347 4358; x_wconf 78' lang='lat' dir='ltr'>pag.</span> <span class='ocrx_word' id='word_1_412' title='bbox 361 4293 404 4349; x_wconf 78' lang='lat'>89.</span> <span class='ocrx_word' id='word_1_413' title='bbox 422 4291 477 4345; x_wconf 89' lang='lat' dir='ltr'>eius</span> <span class='ocrx_word' id='word_1_414' title='bbox 492 4303 552 4347; x_wconf 83' lang='lat' dir='ltr'>sunt</span> <span class='ocrx_word' id='word_1_415' title='bbox 567 4294 668 4347; x_wconf 75' lang='lat' dir='ltr'>&#39;nerbas</span> <span class='ocrx_word' id='word_1_416' title='bbox 685 4310 780 4367; x_wconf 78' lang='lat' dir='ltr'>„quum</span> <span class='ocrx_word' id='word_1_417' title='bbox 800 4294 880 4416; x_wconf 66' lang='lat' dir='ltr'>igitur</span> <span class='ocrx_word' id='word_1_418' title='bbox 895 4292 1075 4375; x_wconf 86' lang='lat' dir='ltr'>interpretatio</span> <span class='ocrx_word' id='word_1_419' title='bbox 1089 4290 1173 4342; x_wconf 70' lang='lat' dir='ltr'>voro</span> <span class='ocrx_word' id='word_1_420' title='bbox 1196 4305 1227 4339; x_wconf 83' lang='lat' dir='ltr'>ex</span> <span class='ocrx_word' id='word_1_421' title='bbox 1246 4290 1312 4369; x_wconf 70' lang='lat' dir='ltr'>anti·</span> 
     </span>
     <span class='ocr_line' id='line_1_48' title="bbox 287 4360 1315 4433; baseline -0.001 -23"><span class='ocrx_word' id='word_1_422' title='bbox 287 4375 347 4429; x_wconf 89' lang='lat' dir='ltr'>qno,</span> <span class='ocrx_word' id='word_1_423' title='bbox 365 4369 394 4413; x_wconf 88' lang='lat' dir='ltr'>at</span> <span class='ocrx_word' id='word_1_424' title='bbox 405 4360 519 4425; x_wconf 71' lang='lat' dir='ltr'>eluatur,</span> <span class='ocrx_word' id='word_1_425' title='bbox 537 4370 564 4415; x_wconf 87' lang='lat' dir='ltr'>et</span> <span class='ocrx_word' id='word_1_426' title='bbox 577 4380 627 4416; x_wconf 90' lang='lat' dir='ltr'>non</span> <span class='ocrx_word' id='word_1_427' title='bbox 641 4379 763 4433; x_wconf 82' lang='lat' dir='ltr'>perverso</span> <span class='ocrx_word' id='word_1_428' title='bbox 776 4380 807 4415; x_wconf 89' lang='lat' dir='ltr'>co</span> <span class='ocrx_word' id='word_1_429' title='bbox 827 4365 867 4417; x_wconf 88' lang='lat' dir='ltr'>ice</span> <span class='ocrx_word' id='word_1_430' title='bbox 878 4362 1007 4424; x_wconf 75' lang='lat' dir='ltr'>Hebraico</span> <span class='ocrx_word' id='word_1_431' title='bbox 1020 4360 1140 4413; x_wconf 81' lang='lat' dir='ltr'>traducta</span> <span class='ocrx_word' id='word_1_432' title='bbox 1152 4365 1206 4420; x_wconf 85' lang='lat' dir='ltr'>est;</span> <span class='ocrx_word' id='word_1_433' title='bbox 1225 4366 1315 4409; x_wconf 82' lang='lat' dir='ltr'>mento</span> 
     </span>
     <span class='ocr_line' id='line_1_49' title="bbox 289 4426 1315 4507; baseline -0.004 -25"><span class='ocrx_word' id='word_1_434' title='bbox 289 4427 372 4484; x_wconf 83' lang='lat' dir='ltr'>ubivis</span> <span class='ocrx_word' id='word_1_435' title='bbox 384 4429 431 4486; x_wconf 84' lang='lat' dir='ltr'>luc</span> <span class='ocrx_word' id='word_1_436' title='bbox 446 4430 485 4485; x_wconf 86' lang='lat' dir='ltr'>usi</span> <span class='ocrx_word' id='word_1_437' title='bbox 502 4448 587 4487; x_wconf 86' lang='lat' dir='ltr'>sumus</span> <span class='ocrx_word' id='word_1_438' title='bbox 598 4431 626 4487; x_wconf 86' lang='lat' dir='ltr'>in</span> <span class='ocrx_word' id='word_1_439' title='bbox 637 4432 768 4505; x_wconf 84' lang='lat' dir='ltr'>praesenti</span> <span class='ocrx_word' id='word_1_440' title='bbox 780 4429 1008 4503; x_wconf 77' lang='lat' dir='ltr'>Chromgrupbia3</span> <span class='ocrx_word' id='word_1_441' title='bbox 1025 4426 1177 4505; x_wconf 75' lang='lat' dir='ltr'>praesertim</span> <span class='ocrx_word' id='word_1_442' title='bbox 1189 4443 1269 4507; x_wconf 20' lang='lat' dir='ltr'>‘quum</span> <span class='ocrx_word' id='word_1_443' title='bbox 1289 4438 1315 4507; x_wconf 69' lang='lat' dir='ltr'>et</span> 
     </span>
    </p>
   </div>
   <div class='ocr_carea' id='block_1_6' title="bbox 0 0 1568 4959">
    <p class='ocr_par' dir='ltr' id='par_1_7' title="bbox 0 0 1568 4959">
     <span class='ocr_line' id='line_1_50' title="bbox 0 0 1568 4959; baseline 0 0"><span class='ocrx_word' id='word_1_444' title='bbox 0 0 1568 4959; x_wconf 95' lang='lat' dir='ltr'> </span> 
     </span>
    </p>
   </div>
  </div>
 </body>
</html>
