3109 4959
533 416 969 500 srmnomrromrs.
1224 409 1297 482 351

203 599 252 651 sse
277 576 311 641 ol
327 570 388 640 ἐπ’
410 575 538 651 sidroc,
566 574 599 636 oi
618 568 798 655 tissone,
820 572 852 636 οἱ
873 567 1043 653 ὀνομαστοί.
1082 571 1183 655 Apud
1201 575 1298 634 enal-

205 661 298 720 duees
314 662 431 720 Alerus
446 680 574 739 regnum
589 660 680 737 prior
696 660 811 732 tenuit,
833 667 860 715 et
880 663 936 737 qni
954 664 1100 718 secesserit
1114 661 1299 738 Aluspmus,

204 751 372 825 caeterique
387 751 544 826 principes
566 746 712 802 illorum:
740 741 835 820 Quod
854 747 955 822 ipsum
975 749 1116 804 insinuat
1139 749 1300 822 Scriptus-n

205 833 273 890 eum
288 831 384 893 dicit:
415 834 563 911 Gignntes
577 851 598 886 n
614 829 737 886 saecule
754 829 950 887 ririeelrbres
966 833 1062 906 fuere.
1104 831 1143 889 Et
1163 831 1214 888 ille
1227 830 1301 909 qui-

205 918 289 988 dem,
312 916 456 977 Eusebius
478 916 636 987 nimirum,
660 933 715 972 ceu
735 915 931 994 παντοδαπῆς
951 914 1083 996 ἱστορίας
1106 915 1229 989 author,
1250 915 1301 973 cui

204 1002 294 1060 dubia
307 1004 357 1061 vel
372 1002 458 1076 lulsa,
481 1022 542 1059 non
557 1001 656 1058 nrinus
673 1018 760 1077 quam
775 1008 854 1056 certa
866 1000 1016 1059 scribendi
1031 1002 1145 1080 sylvam
1162 999 1300 1074 offerunt,

204 1107 240 1145 ex
256 1087 355 1144 Berosi
370 1085 614 1163 blanetlronisque
629 1083 819 1158 colementis,
841 1104 878 1142 ne
893 1085 1044 1160 ignoratae
1067 1106 1170 1145 eorum
1192 1084 1301 1144 lectio-

203 1172 251 1229 nis
270 1173 328 1230 sibi
343 1171 438 1228 labem
454 1171 667 1245 conscisceret,
696 1171 795 1248 potuit
815 1167 893 1226 bona
906 1169 966 1228 lide
980 1172 1143 1244 nonnulla,
1162 1189 1237 1248 quae
1251 1188 1297 1227 re·

203 1258 311 1330 lerret,
334 1277 395 1313 non
412 1265 571 1329 assereret,
593 1254 652 1312 suis
670 1253 791 1332 scriptis
808 1253 992 1332 inspergere:
1014 1254 1052 1313 Hi
1071 1275 1143 1314 vere
1160 1255 1230 1335 plus
1245 1253 1301 1312 iu-

203 1342 304 1398 ste‘in
324 1343 468 1400 Berosum
497 1351 527 1398 et
548 1337 756 1397 lllanetlronem
777 1339 883 1416 sequi,
914 1359 952 1397 ne
978 1340 1167 1415 refellerent,
1197 1358 1301 1398 eorum

203 1435 332 1484 mentem
347 1426 505 1502 benignius
527 1424 716 1504 interpretari
730 1423 926 1481 studuerunt:
949 1443 1023 1501 quae
1043 1443 1129 1483 causa
1149 1432 1193 1483 est
1210 1427 1299 1482 Geor-

204 1510 243 1586 gii
262 1511 463 1588 querelarum:
487 1510 595 1588 quibus
609 1517 765 1588 permotus
780 1507 910 1584 Scaliger
926 1507 1069 1568 Notarum
1088 1509 1120 1567 in
1137 1508 1299 1568 Eusebium
1321 1529 1324 1535 ·

204 1595 302 1673 pagio.
322 1597 396 1661 246.
412 1594 582 1654 mordacius
596 1604 625 1652 et
645 1593 742 1652 acrius
761 1593 795 1650 in
813 1591 977 1652 Autliorem
992 1592 1163 1668 invehitur,
1185 1603 1215 1652 et
1229 1614 1297 1651 cum
1316 1602 1346 1654 Ρ.
1363 1604 1381 1655 8

202 1678 331 1737 Eusebio
354 1681 508 1758 iniquum,
537 1688 601 1738 tum
624 1680 712 1737 solita
739 1698 793 1737 sua
815 1678 983 1758 pertinacia
1005 1679 1080 1737 alios
1102 1677 1217 1756 insequi
1244 1698 1301 1736 nec

203 1762 357 1842 propriam
373 1767 550 1823 sententiam
570 1764 671 1821 valido
691 1764 799 1840 quovis
821 1772 993 1836 argumento
1010 1762 1128 1820 snrnure
1149 1771 1298 1823 causatur.

203 1852 287 1918 Quae
299 1869 368 1905 saite
384 1848 575 1906 detraherent
588 1847 707 1920 Georgii
721 1844 809 1902 dictis
824 1853 855 1902 et
867 1845 1060 1922 authoritati,
1083 1846 1107 1904 si
1122 1847 1225 1904 llerosi
1237 1846 1300 1904 tta·
1360 1908 1364 1919 ,

204 1933 400 2010 netlronisque
416 1933 507 1990 libros
529 1930 595 1988 salsi
613 1928 783 2007 suspicione
798 1929 908 1986 liberes
930 1929 1145 1990 demonstraret
1160 1930 1300 2008 Scaliger,

203 2028 234 2076 et
253 2037 341 2094 «prom
362 2018 398 2074 ab
423 2015 582 2074 Historicis
606 2014 780 2092 postulent,
811 2014 921 2072 eisdem
944 2014 1007 2091 ipse
1029 2016 1178 2074 conferret
1199 2013 1299 2078 fidem.

203 2103 262 2161 Eos
276 2103 375 2179 itaque
385 2111 506 2159 secutus
522 2097 665 2157 Eusebius
678 2099 727 2156 rel
740 2097 870 2175 Scaliger
888 2117 1034 2175 nusquam
1050 2100 1189 2178 prebebit
1206 2120 1300 2178 prope
1316 2171 1318 2175 Ι

203 2187 306 2244 rnundi
333 2196 471 2245 exortum
499 2183 716 2242 Chaldaeorum
740 2192 771 2241 et
792 2183 1007 2262 Aegyptiorum
1036 2183 1172 2244 instituta
1197 2205 1299 2262 regne,

202 2292 259 2329 nce
274 2280 343 2328 ante
364 2271 515 2330 diluvium
535 2277 582 2327 tot
599 2277 711 2345 queunt
734 2267 859 2326 excitari
874 2270 1046 2345 llynastiee,
1067 2278 1113 2329 tet
1133 2269 1228 2328 creari
1249 2290 1300 2329 re·

202 2377 270 2432 ges,
293 2376 395 2413 eorum
411 2356 517 2414 rel'erri
539 2362 585 2411 tot
602 2353 737 2427 ironiinu,
762 2373 838 2430 quae
854 2353 1014 2412 validiores
1028 2355 1148 2432 Georgii
1170 2355 1299 2414 rationes

202 2441 404 2518 exscriptum
422 2442 615 2519 depromptae
630 2459 691 2495 non
708 2439 853 2516 perdant,
876 2446 927 2494 aut
946 2439 1112 2517 profligent.

285 2520 555 2605 Στοιχειωθήσεται
567 2522 601 2585 ἐκ
614 2521 697 2604 solu]
719 2523 810 2596 Quod
827 2523 986 2602 exequitur
1001 2544 1040 2584 ex
1054 2522 1232 2584 blanetbone
1246 2523 1300 2582 in·

201 2609 292 2668 serius
310 2631 374 2688 pag.
392 2617 441 2676 17.
459 2621 487 2668 et
504 2613 553 2675 18.

292 2700 341 2779 Τῷ
355 2689 439 2777 ,cerepi
458 2700 514 2756 rori
532 2687 668 2771 scirpeo]
692 2691 847 2771 Duplicem
870 2713 907 2750 ex
923 2691 1056 2751 Autlrore
1076 2713 1168 2770 cogor
1190 2692 1300 2750 admit-

201 2789 265 2838 tere
277 2781 451 2837 descensum
460 2780 688 2854 Egregorerum:
702 2778 833 2856 primum
843 2777 879 2835 de
893 2797 952 2854 quo
965 2778 1023 2834 iam
1032 2779 1132 2856 pegin.
1149 2783 1197 2842 11.
1208 2779 1253 2838 lit.
1264 2779 1298 2836 ll.

201 2874 232 2921 et
251 2867 414 2922 secundum
433 2863 484 2922 hie
498 2872 703 2921 memoratum.
745 2861 912 2920 Descensus
926 2863 978 2920 ille
994 2866 1060 2941 quis
1074 2864 1114 2922 sit
1128 2883 1226 2942 nuper
1244 2884 1300 2922 ex-

198 2950 310 3028 posuit.
986 3003 989 3009 .

286 3029 352 3096 Δύο
370 3027 476 3096 κύκλοι
494 3036 555 3093 τῶν
575 3025 652 3110 gold.
672 3021 772 3109 ircim]
800 3031 886 3090 Prior
903 3051 969 3111 pag.
993 3037 1041 3097 10.
1064 3031 1100 3094 l).
1123 3032 1299 3091 celebratur.

201 3119 337 3197 Spatium
355 3140 427 3177 vero
444 3139 504 3196 quo
525 3119 604 3174 Luna
621 3117 659 3174 ad
674 3118 790 3194 signum
812 3117 890 3174 idem
907 3117 1042 3196 signique
1057 3129 1203 3196 punctum
1219 3118 1298 3174 lucis

201 3224 271 3260 suae
286 3205 435 3282 principio
456 3204 504 3260 vel
522 3203 609 3281 plena
626 3203 712 3280 copia
729 3203 876 3276 recurrit,
899 3200 984 3259 erinis
1003 3203 1197 3260 novendecim
1222 3221 1297 3280 pre·

201 3288 353 3359 tenditur,
386 3297 415 3343 et
437 3287 513 3363 cycli
538 3287 651 3343 lunaris
672 3287 831 3363 insignitur
855 3287 984 3342 nomine.
1036 3285 1164 3363 Tempus
1187 3287 1297 3345 iterum

202 3394 262 3451 quo
275 3381 399 3430 crrnctse
419 3369 612 3427 llominicales
625 3369 739 3428 litterae
754 3370 877 3446 singulis
893 3370 978 3427 annis
997 3368 1172 3429 distributae
1186 3392 1220 3429 eo
1236 3393 1295 3449 quo

200 3457 377 3537 inceperant
392 3456 441 3513 die
453 3476 508 3532 per
530 3453 664 3512 ordinem
685 3456 812 3514 redeunt
826 3455 1006 3512 emetiendee
1022 3455 1107 3514 atritis
1124 3477 1184 3514 non
1200 3457 1297 3515 minus

200 3553 271 3601 octo
288 3563 378 3620 supra
391 3541 500 3617 viginti
515 3539 695 3614 absolvitur,
716 3560 776 3618 quo
797 3540 901 3616 cyclus
919 3540 1024 3600 soleris
1048 3541 1145 3602 dictus
1165 3543 1294 3618 emergit.
1308 3545 1341 3601 V.
1360 3547 1378 3600 8

200 3629 353 3687 Alteruter
371 3635 468 3684 eutem
493 3645 549 3705 per
568 3624 744 3684 alterutrum
764 3624 872 3682 ductus
895 3626 1012 3704 cyclum
1037 3628 1109 3692 532.
1133 3627 1296 3706 componit,

199 3714 291 3788 vulgo
308 3710 531 3770 Methouicmn:
553 3718 726 3789 postquem
745 3711 885 3768 semelae
901 3712 1011 3770 iterum
1030 3712 1183 3771 evolutum
1204 3711 1242 3772 ad
1258 3711 1299 3770 fi-

199 3799 256 3856 lias
270 3797 426 3856 bominum
441 3796 585 3854 transitus
597 3806 787 3856 memoratur.

288 3881 351 3944 rtet
368 3884 477 3960 συνῆξε
498 3877 609 3962 erigere
623 3877 677 3960 ρκ’.
694 3879 746 3944 tet
762 3878 909 3959 βασιλέων
931 3877 1028 3958 δέκα]
1051 3881 1141 3959 Reges
1157 3879 1226 3938 illos
1244 3879 1299 3938 de-

202 3988 267 4025 cem
282 3969 397 4044 profert
409 3967 572 4025 succedens
590 3968 707 4045 pagina.
749 3970 837 4024 Saros
853 3975 972 4024 eentum
987 3976 1016 4025 et
1029 3967 1130 4024 decem
1143 3985 1299 4024 exuerem

201 4054 346 4110 aetatibus
371 4053 521 4126 collectis,
551 4052 625 4110 alios
646 4053 747 4111 decem
766 4052 850 4110 amris
876 4050 970 4107 lisoni
992 4050 1068 4127 regis
1089 4045 1142 4115 99.
1166 4049 1299 4127 (quilu.

200 4137 275 4195 liam
288 4133 373 4218 sunt)
391 4138 423 4194 in
438 4137 517 4213 dies,
541 4137 644 4196 diebus
658 4157 729 4196 vero
742 4138 774 4195 in
796 4142 883 4196 Saros
901 4135 1069 4194 distributis
1085 4133 1225 4192 conficies
1240 4133 1299 4194 boc

199 4231 302 4302 paeto.
345 4222 391 4280 Ex
411 4223 497 4280 amns
522 4227 572 4288 99.
593 4222 626 4280 in
646 4223 708 4281 dics
728 4223 866 4280 resolutis
890 4219 994 4300 (ducto
1015 4223 1066 4284 99.
1085 4238 1139 4296 per
1155 4222 1227 4285 365.
1242 4241 1299 4278 nu.

200 4308 298 4383 mero)
314 4305 378 4364 dies
390 4307 537 4364 subducto
551 4309 665 4374 36135.
680 4309 828 4366 diesinos
839 4308 872 4364 in
885 4310 982 4378 Seres,
997 4302 1055 4362 lr'oc
1070 4312 1123 4380 est,
1136 4325 1191 4384 per
1206 4310 1298 4371 3600.

199 4391 320 4452 divide:
345 4392 434 4451 Saros
452 4391 599 4452 obtinebis
618 4396 667 4457 10.
681 4403 712 4452 et
726 4391 790 4452 dies
806 4392 928 4471 insuper
944 4390 1015 4454 135.
