3109 4959
248 419 324 498 412
607 422 950 496 EMENDATIONES

250 584 328 645 culis
344 582 489 644 desertam
503 580 540 644 ab
551 581 692 644 Hebraeis
707 583 807 643 verbis
824 583 933 664 apertis
947 582 1092 663 Georgius
1108 589 1253 670 suggerit,
1274 590 1337 668 qui,

247 669 331 750 quod
346 669 491 727 diluvium
505 670 590 728 annis
607 675 657 736 20.
679 668 798 747 sequius
814 668 963 748 posuerit,
983 680 1013 730 et
1031 671 1142 733 Caiuan
1155 695 1249 734 aanor
1266 679 1336 740 130.

247 753 450 836 praeterierim
479 763 568 832 atque
588 753 630 812 ita
651 754 735 812 annis
756 757 826 818 110.
848 773 945 814 errare
965 754 1116 832 videatur,
1139 760 1175 818 de
1196 759 1337 818 Africano

248 837 455 898 tantummodo
470 847 648 917 conquestus
669 847 713 896 est
727 857 794 916 pag.
809 838 858 903 64.
872 847 901 896 et
916 842 966 904 62.
985 841 1133 919 Georgia
1124 845 1216 920 igitur
1228 844 1267 902 ad
1280 863 1336 900 arr-

246 942 321 984 rrum
352 925 444 988 3816.
474 923 624 982 diluvium
654 932 816 996 asserente,
853 923 1069 983 Africanus-ad
1094 931 1187 994 3706.
1218 947 1338 986 sursum

245 1005 361 1066 trahet:
384 1026 421 1066 ex
443 1027 502 1085 quo
517 1006 556 1064 ad
568 1005 773 1086 Olympiadem
793 1006 919 1085 primam
942 1007 1026 1066 aruris
1044 1015 1134 1076 1020.
1155 1011 1339 1070 interlaben-

246 1091 345 1163 tibus,
372 1090 453 1150 illius
479 1091 578 1151 sedem
602 1093 640 1149 ad
667 1091 771 1150 mundi
791 1090 884 1157 4726·
914 1090 1008 1172 (qaod
1032 1094 1175 1172 Georgius
1193 1117 1247 1154 suo
1269 1098 1338 1153 ioco

246 1173 389 1254 admittit)
407 1178 496 1236 statui
512 1195 664 1234 necessum
678 1185 736 1235 est:
760 1184 869 1254 etpost
883 1196 944 1234 eam
957 1196 1075 1236 rursum
1090 1181 1176 1239 annis
1193 1182 1262 1246 215.
1285 1179 1338 1257 qui

247 1259 457 1359 Olympiadem
481 1263 531 1326 55.
553 1270 582 1319 et
601 1261 670 1338 Cyri
688 1280 813 1336 regnum
830 1260 995 1338 attingunt,
1016 1265 1144 1338 exactis,
1166 1266 1237 1344 Cyri
1260 1264 1340 1323 eius·

247 1344 341 1404 dem
332 1346 487 1440 imperium
504 1345 666 1405 adaunmn
682 1346 776 1411 4941.
798 1363 836 1404 ex
857 1345 991 1406 Africani
1013 1358 1154 1428 computo
1178 1348 1340 1409 certissime

247 1428 371 1490 remitti.

330 1511 556 1594 ‘Yperpoptvmv
568 1517 628 1574 ecia
642 1536 677 1574 a
661 1507 766 1574 ’ἐτοῖν
785 1535 840 1575 του
827 1508 1073 1594 Materterae]
1097 1475 1240 1590 Quamvis
1259 1513 1340 1573 Atii-

247 1615 342 1657 eauus
353 1616 389 1654 ac
406 1597 519 1674 pariter
534 1597 692 1671 Eusebius,
714 1597 873 1675 praeterito
890 1600 1000 1656 cainan
1020 1599 1157 1675 iuniore,
1178 1620 1248 1659 suos
1267 1599 1339 1659 cal·

249 1681 334 1740 eules
350 1681 493 1740 Autboris
506 1681 628 1740 calculis
644 1681 773 1740 minores
792 1682 878 1740 annis
892 1685 962 1748 180.
976 1682 1042 1763 (qui
1054 1684 1166 1742 Gairran
1180 1695 1249 1744 sunt
1262 1705 1340 1763 pro-

249 1763 324 1846 prii)
347 1765 566 1826 demonstrent:
588 1765 667 1844 quod
682 1775 782 1824 tamen
797 1766 953 1824 Africanus
977 1772 1027 1833 14.
1040 1768 1221 1844 Matirusala,
1242 1789 1341 1849 prae-

249 1860 297 1910 ter
314 1849 460 1925 debitum,
486 1851 648 1924 concessis,
675 1851 800 1928 aliisque
824 1871 874 1908 sex
896 1852 1019 1947 insuper
1040 1853 1163 1926 additis,
1187 1853 1340 1911 cotnnruui

248 1934 355 1992 murrdi
371 1953 449 1989 anno
463 1939 555 1996 2.262
573 1933 721 1990 diluvium
736 1934 953 2007 devinxerit,
944 1957 975 1990 ru
995 1937 1109 1994 calculo
1125 1939 1236 1993 Cainarr
1255 1945 1338 1991 aeta-

248 2027 309 2074 tem
326 2026 465 2092 sequuta,
487 2014 572 2073 annis
590 2015 687 2073 miuus
702 2016 829 2074 Eusebio
848 2015 953 2092 viginti
965 2026 1084 2075 terretur
1094 2039 1221 2077 errasse
1244 2013 1339 2094 aprit-

232 2105 328 2162 aaa
340 2093 444 2162 uei
406 2123 494 2170 ουτος
508 2123 544 2160 τα
537 2093 610 2178 pt'.
627 2097 728 2178 ἔτη,
707 2098 921 2180 υφαιρομὲνων
934 2104 995 2161 raia
1004 2125 1040 2162 κ.
1022 2096 1124 2163 ’ἐτῶν
1134 2125 1188 2164 του
1176 2107 1338 2162 Μαθου-

248 2179 334 2246 otta.
378 2186 527 2257 Quocirca
541 2183 603 2242 fixo
615 2184 653 2242 ad
665 2204 775 2242 annum
791 2185 897 2242 muudi
912 2187 1005 2250 3202.
1021 2185 1154 2244 Abrahae
1168 2176 1264 2244 narret
1278 2186 1338 2260 die,

249 2279 368 2328 centum
385 2271 532 2328 duntaxat
554 2278 583 2327 et
602 2269 703 2327 decenr
726 2269 903 2328 omissorum
919 2269 1092 2330 damnatur:
1120 2291 1158 2329 ex
1176 2272 1239 2329 iltis
1258 2271 1339 2328 enirn

246 2357 341 2418 3202.
359 2343 388 2411 et
402 2360 480 2418 ¹110.
504 2351 687 2410 adinvicem
710 2354 820 2413 iunctis
837 2355 989 2430 consurgit
1008 2357 1101 2420 3312
1114 2376 1227 2414 summa
1243 2355 1339 2413 natali

245 2436 382 2496 Abrahae
395 2458 412 2494 a
426 2439 553 2515 Georgia
568 2447 749 2496 consecrata.
792 2438 901 2496 Eadem
917 2438 1027 2516 repetit
1040 2439 1158 2498 Autlror
1172 2440 1211 2497 ad
1227 2460 1339 2497 anuum

245 2524 340 2586 3373.
362 2524 516 2581 Caeterum
532 2541 600 2579 curn
615 2521 761 2580 Abraham
774 2521 882 2580 natalia
897 2523 960 2580 <lies
974 2543 1052 2579 anno
1068 2524 1161 2587 3184.
1181 2525 1339 2599 Eusebius,

246 2611 341 2671 3202.
363 2608 519 2666 Africanas
535 2606 674 2666 celebrari
687 2615 839 2679 memoret,
860 2607 934 2683 quid
951 2627 1054 2665 causae
1070 2617 1114 2666 est
1130 2617 1163 2665 at
1179 2609 1339 2667 discrimen

144 2695 176 2751 V.
194 2696 230 2752 29
248 2691 381 2751 solorum
401 2698 451 2758 20.
473 2712 619 2752 annorum
636 2692 714 2751 iuter
731 2702 891 2768 utrurrrquc
912 2701 1004 2769 ponat
1019 2690 1153 2766 liutber,
1175 2713 1243 2749 cum
1257 2701 1339 2751 recte

246 2778 417 2836 nutrimenti
439 2783 490 2842 22.
509 2777 696 2854 reperiantur·
710 2776 890 2835 occurrere?
918 2775 1006 2847 Quod
1026 2777 1168 2835 nimirum
1184 2777 1339 2835 biennium

247 2881 265 2916 a
284 2859 399 2918 diluvio
418 2861 455 2918 ad
474 2861 636 2938 Arpbaxad
654 2860 685 2918 in
703 2861 800 2919 lucem
814 2870 915 2918 ortum
930 2861 1074 2919 Eusebius
1090 2860 1121 2919 in
1136 2861 1198 2919 suis
1212 2862 1338 2920 calculis

247 2944 414 3023 exprimat,
436 2945 512 3002 ittud
526 2945 603 3003 idern
622 2953 786 3024 praetereat
803 2945 979 3013 Africanus,
1002 2957 1032 3003 et
1046 2947 1077 3002 in
1088 2947 1227 3024 reliquis,
1248 2966 1339 3025 prae·

246 3037 382 3107 terquam
398 3028 544 3087 addititiie
560 3034 609 3094 20.
625 3029 710 3087 annis
724 3030 786 3088 sint
797 3030 968 3090 concordes.
1009 3032 1078 3102 Quo
1096 3031 1132 3089 srt
1154 3030 1280 3110 pariter,
1302 3038 1339 3090 ut

247 3132 316 3171 cunr
333 3113 450 3172 Autbor
461 3112 633 3172 Africanum
653 3114 685 3170 irr
700 3115 864 3173 omittendo
879 3115 1000 3173 biennio
1017 3114 1168 3192 imitatus,
1190 3137 1206 3172 a
1220 3115 1338 3173 diluvio

248 3198 287 3254 ad
301 3199 448 3258 Abraham
462 3218 556 3256 arrrros
570 3208 719 3274 recenset,
742 3203 836 3265 3312.
852 3199 999 3258 duntaxat
1013 3220 1229 3278 nonnunquam
1245 3199 1338 3258 coiti-

247 3281 307 3357 git·
328 3283 378 3341 ubi
394 3304 467 3342 vero
482 3283 635 3342 biennium
644 3284 740 3361 ,ipso
760 3295 858 3342 tamen
880 3284 985 3342 diluvii
1010 3305 1089 3344 auno
1111 3283 1338 3364 comprehenso,

247 3384 285 3422 ex
299 3368 422 3443 propria
435 3369 580 3426 sententia
595 3368 754 3470 exprimit,
776 3372 867 3432 3313.
882 3371 1050 3445 frequenter
1062 3380 1222 3429 recenseat.

332 3453 571 3532 Προσομοίως
542 3476 583 3513 τω
571 3447 749 3535 Εὕσιβίω.
754 3451 768 3529 ]
791 3451 938 3527 Scaliger
929 3475 960 3510 ιιι
973 3453 1047 3511 baec
1060 3465 1088 3512 et
1099 3454 1250 3533 superiora
1264 3469 1336 3507 ver-

245 3533 284 3590 ba
301 3532 369 3591 Not
387 3555 451 3610 pag.
471 3540 518 3600 13.
540 3515 887 3614 rbi-rivoreprelienditur
902 3540 1064 3616 a(1'aor,‚co
1077 3540 1190 3596 Eun
1167 3559 1238 3608 arur,
1254 3530 1339 3610 praed

246 3639 316 3676 cum
329 3620 474 3675 minorem
488 3625 744 3700 rrurrrerumsequi
756 3642 788 3677 se
798 3624 998 3700 profitentur:
1021 3636 1094 3680 tam
1096 3645 1120 3679 ·u
1134 3628 1183 3686 70.
1199 3621 1336 3677 δἐιιι-υνιι

245 3706 279 3761 in
293 3703 344 3760 tis
359 3705 503 3803 sequitur.

329 3789 395 3865 Peg.
417 3790 467 3852 93
479 3781 575 3865 “Oetae
597 3783 748 3852 ddrivurov
767 3787 926 3869 miuvarn]
964 3791 1011 3848 Ob
1038 3807 1131 3849 annos
1162 3785 1275 3842 Cainan
1299 3785 1336 3842 ab

244 3871 388 3932 Africano
408 3872 565 3932 relictos
551 3883 580 3930 et
598 3874 714 3934 additos
731 3874 769 3933 ad
791 3875 899 3935 diluvii
917 3885 1041 3935 aetatem
1060 3871 1134 3928 alios
1153 3867 1278 3946 uiginti.
1299 3869 1338 3928 ds

245 3959 351 4036 quibus
367 3967 434 4015 nota
425 3956 622 4058 penultima.

334 4040 373 4106 Tri
394 4035 453 4126 peip
472 4064 518 4105 τοι
537 4037 619 4119 uetiti
642 4045 736 4102 saraia
765 4066 808 4115 ως
833 4040 948 4120 ἄπορον
978 4038 1053 4118 ripis
1073 4033 1337 4117 ποοτιινόμινον]

245 4127 333 4186 Haud
350 4129 477 4205 Georgia
491 4128 546 4186 soli
560 4127 632 4189 lraec
645 4126 803 4200 antilogia,
825 4128 990 4204 quiuiunno
1004 4125 1063 4202 ipsr
1055 4123 1172 4202 Moysi
1188 4125 1337 4181 obiicitur.

245 4212 372 4290 Scripsit
388 4214 492 4272 Genea.
505 4217 557 4278 ·.11
578 4231 607 4270 ι.
623 4214 673 4276 26.
721 4211 867 4290 Viar'tque
889 4210 988 4269 Thura
1006 4212 1204 4286 septuaginta
1225 4212 1337 4266 aruris:

244 4307 274 4352 et
286 4299 396 4374 genart
410 4298 587 4372 Abrabam,
605 4306 632 4352 et
651 4293 732 4352 Ituci
729 4315 792 4367 ror,
815 4307 842 4352 ct
856 4294 916 4355 Ar
898 4314 963 4353 um.
1005 4293 1045 4351 Et
1069 4294 1147 4352 iutra
1171 4315 1201 4353 v.
1216 4297 1268 4358 32.
1296 4293 1335 4348 at

243 4382 326 4458 sacti
337 4392 411 4439 suut
425 4380 490 4441 dies
511 4382 604 4441 Tlrare
617 4378 813 4439 (laceratorum
831 4381 961 4460 quinque
970 4399 1138 4441 annerum:
1158 4390 1186 4437 et
1197 4388 1335 4434 mortuus
