3109 4959
274 409 352 486 464
637 421 984 490 EMENDATIONES

355 576 390 641 ‘0
410 581 473 642 τοῖν
495 577 619 641 Λυκίων
636 571 739 660 dyeia]
768 577 818 638 An
839 578 965 658 Lycium
987 580 1035 641 vel
1050 582 1199 662 Lycaeum
1214 592 1361 642 certamen

270 663 332 725 boe
348 665 515 724 vocandum
533 664 666 742 disputat
681 665 811 743 Scaliger
826 663 980 723 Animadv.
1001 687 1066 746 pag.
1088 673 1139 734 72.
1161 679 1192 728 et
1213 672 1264 734 73.
1285 668 1362 727 Vide

273 749 434 808 Pontaeum
449 749 479 806 in
496 749 574 806 notis
589 746 722 806 adhunc
737 749 863 807 culidem
876 750 996 808 Eusebii
1009 762 1135 811 textum.

358 834 426 909 Pag.
449 835 518 898 178.
543 829 628 894 Κατοί
643 830 674 894 δὲ
689 829 797 906 ίίίίους
817 829 967 914 ἥττονας]
994 836 1161 896 Secundam
1185 836 1361 896 sententiam

272 917 464 997 amplectitur
487 915 610 976 Author.
639 917 894 999 APolopidarum
912 918 1024 998 quippe
1045 921 1229 997 primordiis,
1252 911 1362 1000 quibus

272 1001 465 1080 Mycenarum
491 1000 661 1060 institutum
685 1012 730 1060 est
756 1022 879 1079 regnum
904 1022 983 1063 enno
1005 1006 1098 1070 4244.
1119 1006 1157 1064 ad
1175 1026 1362 1064 successores

272 1086 506 1144 Lacedaemonas
522 1107 600 1145 anno
620 1087 713 1152 4423.
734 1088 926 1166 tyrannidem
948 1101 1134 1167 assequutos,
1155 1109 1235 1149 unus
1256 1099 1287 1150 et
1306 1090 1362 1150 vi-

271 1168 347 1249 giuti
365 1171 473 1230 desunt
490 1170 588 1229 ortaria
604 1171 747 1244 ducentis.

358 1254 511 1335 Θνμίτης]
542 1256 674 1332 Scaliger
694 1255 805 1334 ubique
828 1257 949 1335 reponit
970 1257 1135 1336 Θυμοίτης,
1164 1266 1200 1317 ut
1217 1255 1362 1317 Eusebius

270 1338 457 1418 Thymoetes.
484 1341 578 1401 llaec
594 1341 694 1400 eadem
711 1360 750 1401 ex
770 1342 891 1400 Castore
908 1342 1052 1401 Eusebius
1070 1344 1108 1401 ad
1127 1362 1240 1402 annum
1260 1343 1362 1402 Abra-

269 1423 325 1484 bae
341 1429 414 1489 881.

352 1502 420 1571 Ἐπί
432 1501 540 1572 carison
555 1507 577 1589 η’
589 1513 649 1572 τῶν
661 1503 861 1590 Ἐρεχθειδῶν
876 1507 1035 1591 βασιλεία]
1059 1511 1101 1568 οο
1113 1509 1288 1587 Erechtheo,
1306 1508 1358 1588 qui

269 1591 498 1667 Erichthonius,
521 1595 858 1676 pariter-nuncupatur,
880 1617 898 1654 a
920 1617 980 1677 quo
1005 1593 1219 1668 Erechthidis,
1238 1595 1358 1676 scripsit

268 1677 386 1740 duthor
405 1699 469 1757 pag.
489 1683 558 1744 157.
574 1680 610 1740 l).

352 1757 417 1824 Ἐπί
435 1758 542 1825 τούτου
562 1761 586 1842 η’
600 1768 661 1826 τοῖν
675 1763 874 1844 Ἡρακλειδῶν
894 1756 1050 1843 κοίθοδος]
1072 1761 1117 1821 ab
1129 1762 1357 1823 Heraclidsrum

269 1847 437 1927 irruptione
450 1848 489 1905 ad
508 1848 596 1906 Codri
616 1858 733 1929 tempus
751 1848 850 1908 defixa
872 1849 910 1906 ad
926 1850 1082 1908 traductas
1099 1847 1205 1907 lanum
1225 1849 1356 1906 colonias

269 1931 326 1992 sub
347 1931 440 1990 Acato
458 1931 610 2006 Archonte
630 1935 781 2010 secundo,
803 1934 841 1992 de
862 1953 920 2011 quo
936 1932 992 1992 bec
1012 1932 1190 2011 eadem'psg.
1208 1930 1355 1991 litteral).

267 2016 324 2078 vix
347 2016 538 2075 consentiunt
559 2017 628 2076 anni
649 2023 700 2084 60.
724 2039 761 2077 ex
784 2018 971 2097 quarundam
992 2017 1116 2076 calculis
1138 2016 1274 2094 requisiti
1292 2035 1356 2097 pag.

164 2106 166 2109 ’
268 2101 341 2167 125.
352 2099 385 2157 Β.
404 2102 453 2158 vel
469 2110 548 2158 certe
562 2102 656 2179 spatio
672 2123 817 2162 annorum
832 2107 903 2169 267.
927 2102 1037 2162 ibidem
1055 2110 1122 2180 post
1133 2102 1238 2159 lonum
1249 2100 1357 2178 migra-

265 2184 378 2242 tionem
392 2183 430 2240 sd
445 2184 652 2261 Olympiadem
670 2188 796 2263 'immam
808 2196 839 2245 et
852 2206 963 2245 asinum
973 2186 1066 2252 4726.
1081 2185 1228 2263 assignato
1242 2185 1358 2263 aliquid

265 2266 442 2349 demendum
460 2277 612 2328 occurret:
636 2269 684 2328 vel
701 2267 820 2329 tandem
834 2270 996 2349 perioches
1014 2271 1103 2329 istem
1122 2291 1182 2328 uon
1197 2269 1237 2327 ad
1256 2269 1358 2346 Codri,

263 2352 316 2412 sed
337 2351 375 2410 ad
396 2351 539 2410 ltlclsntlri
560 2373 682 2430 regnum
706 2355 885 2432 alligandam
908 2354 1054 2429 censebis,
1077 2363 1106 2411 et
1130 2353 1362 2413 Heraclidarum-

262 2430 438 2496 descensum
456 2457 534 2495 aratio
548 2437 641 2504 4399.
663 2449 852 2518 susceptam,
872 2459 951 2497 asino
967 2456 1039 2499 vcro
1058 2439 1153 2504 4459.
1170 2438 1291 2497 emissas
1304 2439 1357 2498 lo-

263 2541 337 2582 uum
354 2520 486 2579 colonias
502 2541 621 2580 asseres.

345 2598 410 2666 'Est
425 2598 549 2668 Ἀκοίτου
563 2600 671 2668 Ἰοίνοον
688 2599 847 2686 ἆττοικία]
869 2607 940 2666 Eius
960 2627 1039 2666 anuo
1056 2609 1086 2672 8.
1102 2604 1208 2666 mundi
1222 2605 1315 2672 4450.
1337 2626 1355 2664 e

264 2710 325 2770 quo
345 2689 383 2748 ed
401 2689 606 2770 Olympiadem
621 2691 748 2771 primam
771 2693 807 2751 ab
824 2712 902 2750 aiano
921 2693 1015 2759 4726.
1034 2691 1262 2765 numerandam,
1284 2690 1355 2750 anni

264 2780 337 2840 267.
357 2795 395 2834 ex
416 2775 603 2852 quorundam
625 2787 723 2836 merite
743 2786 891 2857 putentur
910 2797 976 2856 pag.
1002 2780 1073 2843 126.
1094 2777 1130 2838 Β.
1152 2795 1209 2854 qua
1230 2776 1308 2852 leges
1321 2775 1356 2834 ia

263 2858 400 2920 versione
422 2860 534 2920 Latina.
568 2863 739 2921 Bracmani
759 2860 1002 2922 Heraclidarum
1021 2871 1229 2920 successerunt
1249 2862 1355 2922 Ionam

264 2943 401 3003 coloniae
420 2947 512 3003 unitis
522 2945 717 3024 postmo'dum
732 2951 786 3013 60.

347 3030 597 3106 Λακεδαιμονίω
615 3025 861 3111 abitinensem
882 3022 1095 3112 Βίρνσθτιίς]
1117 3031 1188 3089 Post
1204 3027 1354 3089 excidium

262 3112 369 3174 Troiae
382 3135 460 3173 antro
476 3117 526 3180 82.
546 3115 843 3176 Lacedaemoniorum
859 3135 981 3195 regnum
996 3115 1033 3174 ab
1048 3113 1215 3174 Heraclidis
1228 3113 1355 3174 iustitu-

210 3256 214 3264 ,
261 3204 327 3258 tum
345 3198 490 3278 Georgius
506 3200 636 3259 referens
650 3201 767 3261 Eusebii
783 3202 908 3260 ductum
923 3199 1066 3280 sequitur.

211 3365 214 3373 .
346 3285 414 3426 lidi
437 3288 507 3351 179.
529 3280 712 3368 Εοίρνοθεδς
724 3285 775 3350 sal
791 3280 952 3369 Πρόκλος]
975 3284 1088 3364 Dignus
1100 3281 1151 3345 bic
1163 3284 1248 3345 lectu
1264 3283 1354 3344 Pota·

260 3365 330 3429 vius
366 3367 447 3434 ‘.9.
469 3389 503 3427 ca
526 3372 601 3435 .31.

165 3444 200 3502 V·
211 3438 247 3500 4⁷
344 3448 474 3531 ’Τατερεῐ
486 3392 562 3516 diros
576 3445 662 3535 νμῖ]
683 3453 729 3514 Ita
744 3453 864 3534 reponit
875 3454 1006 3534 Scaliger
1021 3443 1130 3535 pagins
1143 3455 1198 3519 83.
1223 3450 1270 3510 Ita
1283 3448 1354 3526 legit

259 3535 396 3598 Petavius
415 3535 492 3595 libro
508 3558 589 3596 nono
603 3540 640 3598 de
655 3541 739 3602 lloct.
757 3541 860 3620 Temp.
879 3540 975 3621 capite
990 3538 1143 3617 trigesimo
1161 3535 1269 3615 primo.
1296 3534 1355 3592 Re·

259 3641 330 3700 gum
344 3630 444 3680 tamen
460 3620 684 3690 Corinthiarum
701 3633 731 3682 et
745 3625 958 3702 Prytaneoram
973 3623 1199 3701 Magistratuum
1217 3617 1354 3679 latercu-

258 3707 323 3767 lum
340 3705 445 3786 pagina
461 3706 636 3766 succedente
655 3727 833 3784 occurrens,
854 3728 948 3767 annos
965 3707 1098 3767 omnium
1121 3723 1183 3764 non
1204 3702 1264 3761 nisi
1280 3707 1353 3768 417.

260 3799 443 3862 enumerat„
463 3789 601 3849 Advertit
629 3791 789 3850 discrimen
816 3792 970 3865 Pettalus,
1000 3797 1030 3848 et
1052 3788 1193 3850 ultimum
1219 3787 1352 3867 Cypselli

261 3874 429 3956 tyrannidis
452 3895 561 3934 annum
588 3873 659 3940 447.
688 3895 802 3933 summe
828 3872 1139 3953 comprehendendum
1166 3873 1351 3951 suspicatum

260 3961 319 4021 ricc
332 3959 496 4036 immerito3
519 3959 544 4019 si
561 3957 691 4018 maxims
702 3978 740 4018 ex
752 3958 899 4019 Herodoti
911 3958 1034 4018 calculis
1047 3956 1083 4015 ab
1099 3977 1134 4016 eo
1147 3957 1250 4016 relatis
1264 3957 1353 4037 cyp-

260 4046 334 4105 sello
351 4045 521 4125 tyrannidis
535 4064 628 4104 annos
642 4047 694 4110 30.
711 4055 872 4106 accenseat.
913 4044 1033 4104 dtenim
1045 4042 1125 4102 solos
1139 4045 1190 4108 28.
1212 4042 1353 4123 Cypsello

284 4123 612 4190 areensem'exercitam
626 4129 763 4189 emetitur
777 4127 896 4188 Autbor
907 4148 975 4210 pag.
988 4130 1060 4194 218.
1074 4127 1108 4189 Β.
1125 4136 1181 4186 uec
1193 4147 1256 4186 uon
1269 4127 1352 4207 prior

260 4150 403 4275 bassatus
422 4215 461 4275 ad
482 4213 615 4276 Abrabae
633 4234 743 4273 annum
768 4213 860 4288 1358.
882 4214 936 4273 sed
954 4231 1051 4291 neque
1075 4212 1206 4293 Cypselli
1226 4213 1351 4287 exitum,

261 4297 313 4358 sed
326 4300 411 4376 regni
430 4301 594 4381 primordia
614 4299 810 4359 discernende
822 4308 923 4359 monet
936 4297 1055 4357 duthor
1067 4295 1115 4356 lais
1129 4297 1247 4357 verbine
1268 4295 1353 4376 μίχρτ

261 4384 319 4464 ’ἦν
341 4383 504 4465 Κυψὲίδον
528 4386 720 4470 τυραννίδος,
748 4379 816 4466 ἥτις
833 4379 889 4465 ’τῆς
914 4377 1053 4448 καθόδου
1071 4386 1133 4446 τοῖν
1152 4379 1352 4466 Ἡρακλειδᾶν
