3109 4959
499 443 834 516 CHRONOGRAPH.
855 443 1014 513 CANON.
1221 433 1299 508 288

209 603 366 680 devincto,
388 600 505 685 (primis
520 601 604 660 'enim
618 620 635 658 u
649 601 877 661 Resurrectious
890 599 1047 662 Dominios
1067 598 1217 660 mensibus
1228 599 1300 661 nul»

207 690 256 748 lus
271 689 443 752 institutum
456 684 583 766 dixerit)
596 685 784 764 Hymenaeus
801 707 902 744 eorum
916 695 1083 766 postremus
1104 683 1191 744 onuis
1218 683 1300 744 doo-

208 772 305 832 decim
320 774 392 831 solis
404 771 548 832 abeodem
558 771 686 848 Georgio
698 770 828 848 acceptis
835 771 1111 848 hierosolymorum
1123 767 1301 843 Antistitum

207 857 384 917 laterculum
396 877 449 936 per
460 854 541 915 houd
555 855 645 914 breve
657 853 786 931 spatium
800 854 886 913 nullo
898 854 1040 913 Antistite
1054 853 1301 916 demonstratos-

209 951 347 1021 cupstom
358 964 366 1019 3
390 942 442 1020 qui
458 959 542 1000 error
560 940 593 996 in
607 935 742 998 Authore
764 959 828 998 nou
852 938 948 998 obiter
969 938 1219 1018 praetereundus,
1240 939 1300 999 uisi

206 1027 349 1085 maiorem
364 1025 486 1100 dixero,
508 1022 589 1100 quod
602 1021 764 1101 Hymenaei
783 1022 915 1082 eiusdem
932 1021 1180 1104 (reclamantibus
1195 1022 1229 1082 iu
1242 1023 1302 1082 ad-

205 1129 326 1171 versum
342 1109 487 1178 Eusebio,
508 1105 691 1188 Nicephoro,
712 1118 742 1167 et
754 1107 958 1188 Theophane)
978 1126 1073 1166 anuos
1090 1106 1177 1166 iosdo
1205 1108 1301 1166 muti·

205 1195 317 1255 lotione
330 1193 460 1253 eii'ecerit
470 1193 632 1252 breviores.
674 1191 862 1272 Nicephorus
877 1192 1023 1272 siquidem
1037 1190 1200 1250 voluminis
1212 1191 1300 1250 istius

205 1279 313 1360 pagina
327 1281 396 1345 410.
412 1278 448 1340 A.
464 1287 525 1336 tres
547 1297 637 1362 eppro
655 1277 764 1354 viginti
785 1287 929 1337 mensorst
940 1277 1118 1356 Hymenaei:
1145 1274 1301 1354 'lheopha-

206 1384 259 1424 nes
273 1382 310 1421 ex
328 1361 461 1422 omnium
474 1361 545 1422 hihi.
562 1364 613 1422 SS.
627 1362 798 1421 testimonio
812 1371 950 1422 numeret
963 1363 1015 1428 24.
1029 1361 1068 1419 sd
1082 1380 1192 1420 sonum
1207 1365 1301 1428 2777.

204 1469 273 1530 pag.
289 1447 321 1512 4.
340 1451 374 1509 A.
389 1448 469 1506 idern
484 1447 591 1506 iterum
607 1451 658 1512 28.
679 1455 813 1507 recenset
827 1449 865 1507 ad
880 1467 992 1506 sunum
1007 1449 1102 1512 2788.
1114 1445 1147 1503 iu
1161 1445 1233 1506 titii.
1250 1447 1302 1507 SS.

204 1531 359 1614 pluribus,
381 1552 456 1610 quoe
470 1531 503 1590 in
518 1532 597 1590 notis
611 1541 822 1592 inemorantur.
863 1531 1001 1608 designet
1013 1529 1160 1590 Eusebius
1183 1528 1256 1590 duos
1270 1539 1304 1602 et

204 1617 328 1694 triginta
341 1617 375 1676 in
389 1615 567 1692 chronicis,
588 1636 605 1674 s
620 1616 771 1677 Valeriani
793 1617 908 1676 scilicet
924 1620 974 1685 12.
995 1623 1025 1675 st
1043 1613 1154 1675 Christi
1170 1617 1243 1680 268.
1263 1614 1304 1675 sd

204 1700 385 1762 Diocletiani
401 1707 450 1770 12
462 1710 492 1760 et
509 1699 618 1760 Christi
629 1706 703 1768 299.
744 1701 793 1761 Ex
804 1701 987 1761 inconstanti
1009 1719 1203 1759 numerorum
1227 1717 1304 1760 oon-

204 1789 285 1866 gerie
299 1788 365 1866 quis
379 1787 502 1846 coeteris
515 1786 625 1844 certior
643 1785 843 1862 designandus
857 1806 934 1867 pens
947 1786 1105 1845 incertum.
1149 1786 1226 1842 Sane
1240 1787 1303 1866 qni,

205 1882 239 1932 ut
258 1892 325 1932 sum
347 1871 514 1951 praefatus,
536 1889 648 1929 cunum
663 1871 763 1930 iacobi
783 1871 914 1952 primum
934 1871 972 1929 ad
986 1868 1096 1928 Chricti
1110 1867 1228 1927 Domini
1247 1873 1301 1937 34,

205 1977 245 2016 ex
260 1956 401 2018 duthoris
415 1955 496 2034 dicto
512 1975 577 2035 pag.
591 1957 665 2022 328.
677 1955 713 2016 Β.
729 1956 928 2036 deputaverit,
950 1964 980 2014 et
994 1973 1033 2013 ex
1045 1952 1151 2012 iudicii
1164 1953 1303 2016 consulto

206 2036 287 2124 (quis
302 2041 381 2104 euim
396 2061 413 2099 e
430 2039 562 2120 Spiritus
578 2041 607 2102 S.
622 2039 655 2098 iu
667 2041 828 2120 Apostolos
841 2041 954 2120 ilispsu
971 2037 1069 2098 iacobi
1084 2036 1303 2118 promotionem

204 2128 306 2185 stetim
320 2126 499 2205 completam
512 2121 670 2205 existimet)
686 2146 799 2186 annum
808 2123 984 2204 cogitsverit
993 2124 1150 2183 obeuntem
1156 2141 1165 2195 3
1187 2122 1303 2204 flyme-

204 2212 272 2271 nsei
303 2209 530 2286 duodecimum,
560 2218 595 2268 ut
614 2209 647 2268 in
668 2209 784 2270 Christi
803 2212 875 2277 275.
905 2211 1081 2283 obeuntem,
1113 2207 1157 2265 ito
1173 2206 1211 2266 in
1231 2215 1304 2276 276.

204 2295 358 2371 ineuntem
377 2295 531 2360 incurrere
558 2312 597 2352 ex
619 2293 725 2354 ordine
750 2293 970 2374 deprehendet:
992 2292 1042 2350 cui
1064 2312 1103 2350 ex
1122 2289 1305 2372 Theophane

206 2380 327 2456 Georgii
343 2379 551 2437 continuatore
564 2377 649 2435 cunis
662 2379 733 2436 totis
749 2387 879 2456 quotuor
891 2386 921 2435 et
932 2375 1038 2454 viginti
1053 2375 1199 2455 ascriptis,
1221 2379 1305 2438 eius⁶

206 2462 273 2522 dem
292 2460 574 2521 tertiumdecimum
590 2459 623 2518 in
638 2460 817 2522 Diocletiani
835 2460 968 2542 primurn
983 2461 1087 2520 mundi
1102 2465 1195 2527 2777.
1214 2462 1306 2522 Chri.

205 2548 244 2608 sti
266 2553 338 2615 277.
360 2542 402 2605 ex'
412 2543 601 2625 Theophanis
627 2556 769 2628 computo
791 2546 940 2623 incidere,
970 2555 1001 2606 et
1022 2545 1144 2623 Georgii
1172 2548 1303 2608 calculos

206 2653 276 2693 cum
296 2630 486 2714 Theophanis
504 2638 645 2712 computo
666 2631 859 2693 concordiam
877 2631 954 2692 inire
976 2651 1063 2710 posse
1083 2630 1217 2706 iueiiem,
1248 2632 1305 2692 de-

206 2726 315 2778 cernet.

230 2889 296 2935 Anni
309 2900 400 2931 unruo-
431 2885 497 2931 Asioi
512 2885 577 2929 chri-
614 2885 717 2935 Deorum·
731 2889 806 2947 impe
828 2887 973 2932 Iudaeorum
990 2884 1041 2930 lic·
1058 2884 1164 2942 Bomos,
1184 2885 1271 2932 Antio-

245 2957 391 3004 discedito.
481 2955 522 3000 sti.
660 2966 761 3005 rasores.
911 2970 965 3019 pes.
1058 2953 1142 3010 chine,
1160 2954 1270 3000 Mesoc-

1058 3022 1144 3078 drs'oe‚
1168 3028 1192 3067 et
1213 3025 1272 3072 Eie-

1084 3090 1256 3145 recoluerimus

1092 3157 1229 3214 Poots'flcoc.

707 3363 728 3422 2
936 3357 956 3418 3
1072 3377 1260 3435 Romteprissos

1069 3447 1196 3503 Episcopus
1210 3449 1256 3492 Ρι-

1063 3527 1125 3562 acos
1138 3515 1202 3563 ssu·
1214 3517 1250 3563 ὅ.
1276 3516 1278 3521 “

709 3632 731 3692 8
774 3666 781 3672 ,
938 3625 958 3686 4
1066 3632 1203 3678 Antiochino
1214 3632 1263 3690 pri·

1071 3715 1121 3746 suus
1136 3703 1265 3760 Episcopus

1063 3771 1168 3816 Esoosns
1183 3784 1222 3817 sc.
1235 3771 1269 3814 tt.

1059 3872 1213 3918 hiesssiriso
1224 3871 1270 3928 pri-

1070 3954 1120 3987 mus
1133 3939 1260 3996 Episcopus

1089 4009 1191 4056 Missos
1202 4020 1246 4053 ss·

1127 4076 1165 4123 uis
1177 4077 1210 4123 tt.
