3109 4959
570 444 927 549 aanorsaromas.
1222 460 1297 538 aar

204 644 235 694 et
248 633 304 695 ΕΡ.
319 632 515 713 inauguratur
529 636 679 697 Pontifex.
707 635 778 695 Post
796 653 908 693 annum
921 629 1083 712 Nicephori
1096 630 1172 713 lmp.
1185 650 1301 693 nonum

203 719 343 780 Michaeli
365 720 495 799 Rangabi
518 730 635 801 sceptra
658 722 835 781 deferuntur
853 717 1049 794 moderanda,
1080 738 1160 777 anno
1177 711 1301 795 Christi,

137 864 148 879 „
203 813 240 863 ut
254 814 341 885 putat
355 804 550 886 Theophanes
565 808 636 872 804.
656 816 692 867 ut
702 805 850 865 Baromus
866 807 938 872 812.
957 823 1015 882 quo
1032 801 1218 882 Nicephorus
1237 823 1303 862 no-

204 897 264 947 ster
280 888 482 949 Patriarchaa
498 890 653 950 commissa
669 891 829 969 dignitate,
850 888 946 967 Aprili
962 887 1095 947 dicamus
1116 907 1229 963 mense,
1250 906 1302 947 se-

202 973 334 1053 ptimum
352 976 451 1055 eoepit
464 995 627 1037 recensere
651 976 753 1035 hamos
771 973 909 1035 norrrrihil
925 973 1039 1032 duobus
1051 972 1151 1031 minus
1164 971 1302 1051 regnavit

203 1056 348 1118 Michael·
375 1058 549 1120 lllichuelem
569 1060 686 1140 excepit
708 1060 767 1120 Leo
790 1059 946 1119 Armenius
961 1079 1040 1117 enno
1060 1078 1097 1118 ex
1110 1055 1301 1140 Theophanis

204 1152 347 1221 computo
362 1146 433 1209 806
448 1164 486 1203 ex
499 1144 705 1213 Baronii814
725 1145 889 1204 indictione
906 1143 1048 1222 septima,
1070 1163 1129 1223 qua
1148 1140 1302 1223 Nicepho-

204 1245 255 1286 rus
272 1230 579 1290 onrrunsl'raesulatus
596 1251 710 1290 nonum
725 1230 911 1307 usestivitote
924 1227 1057 1289 Psschah
1065 1227 1195 1308 occepit
1210 1246 1302 1305 quare

204 1330 274 1370 cum
288 1332 381 1370 annos
395 1312 423 1370 ei
437 1332 543 1373 novem
559 1315 688 1392 imputet
699 1300 913 1391 Theophanes,
935 1315 972 1371 iis
990 1312 1110 1373 nourrisi
1132 1312 1344 1390 completis‚l‘.
1360 1312 1396 1368 85

203 1395 321 1455 Leonis
334 1396 468 1456 seeundo
477 1444 485 1474 ,
509 1396 619 1458 etnim
635 1399 673 1457 sd
686 1396 877 1477 Theophanis
892 1417 1032 1457 numeros
1046 1402 1118 1463 807.
1132 1398 1171 1455 ad
1183 1395 1304 1455 Batonii

205 1480 277 1546 816.
289 1479 463 1543 indictionis
482 1492 603 1543 octavae
618 1482 730 1564 Aprili,
761 1484 818 1541 ab
810 1504 875 1561 ipso
891 1483 987 1541 Leone
1002 1481 1144 1540 thronum
1158 1481 1303 1557 deserere,

204 1575 236 1625 et
257 1564 382 1626 exilium
404 1567 441 1626 oh
464 1568 553 1629 iidem
575 1586 644 1646 erge
668 1586 766 1627 sacras
776 1566 918 1645 imagines
939 1576 1085 1626 servatam
1100 1566 1165 1646 pati
1183 1575 1304 1624 coaetus

186 1653 266 1709 'esta
288 1650 396 1729 elapsis
420 1652 532 1733 quippe
548 1652 788 1732 quadragesimae
806 1652 930 1727 diebus,
957 1662 987 1710 et
1007 1651 1063 1710 sub
1080 1649 1231 1710 Paschatis
1251 1671 1306 1709 so·

204 1734 313 1791 lemnia
326 1738 452 1794 eiectum
474 1746 599 1796 enarrant
616 1737 805 1813 Theophanis
820 1737 1059 1809 continuatores‚
1086 1756 1139 1793 suo
1158 1744 1303 1813 tempore,

204 1816 230 1875 si
251 1816 328 1875 Deus
350 1818 482 1895 dederit,
504 1820 536 1876 in
556 1820 654 1877 lucem
673 1818 844 1877 sanittendi:
866 1818 1014 1895 iidemque
1031 1837 1131 1877 mense
1148 1819 1303 1879 llecembri

205 1900 284 1960 anno
306 1901 391 1960 iuxta
411 1900 622 1982 Theophanem
640 1922 657 1960 u
678 1902 792 1961 Christi
808 1912 916 1962 exortu
942 1906 1016 1969 812.
1038 1902 1122 1962 iuxta
1141 1902 1304 1963 baronium

205 1988 279 2051 820.
294 1985 458 2045 indictione
476 1992 527 2053 13.
549 1988 677 2046 Leonem
692 1989 853 2047 Armenum
869 1995 938 2067 post
953 1986 1072 2066 imperii
1087 2008 1181 2047 anuos
1192 1996 1305 2067 septem

205 2080 236 2128 et
256 2090 370 2129 menses
391 2072 555 2131 arormullos
578 2073 710 2131 occisum
733 2072 878 2132 reserent.
926 2073 1008 2144 Quae
1028 2073 1187 2151 praecessit
1207 2082 1306 2132 autem

207 2156 379 2214 solemnitas
397 2156 547 2216 Paschalis
561 2158 631 2219 anari
644 2157 722 2218 sexli
735 2157 767 2215 in
781 2156 872 2216 exilio
884 2155 1022 2214 trahendi
1039 2155 1122 2215 dedit
1135 2156 1304 2236 Nicephoro

205 2240 380 2321 primordia.
421 2241 532 2301 Balbus
544 2242 596 2300 ille
610 2240 753 2319 tati-chael
778 2242 879 2300 occiso
897 2243 993 2300 Leone
1002 2243 1252 2321 ecompealibus
1266 2242 1305 2301 ad

207 2325 349 2385 thronum
362 2326 506 2401 evolavit;
529 2336 559 2385 et
572 2336 641 2406 post
653 2347 747 2385 annos
763 2336 831 2385 octo
848 2336 879 2387 et
895 2346 1008 2384 menses
1023 2326 1083 2387 lere
1094 2346 1202 2385 novem
1219 2326 1305 2402 obiit,

206 2419 355 2491 potestate
380 2370 548 2491 Theopliilo
577 2412 641 2471 filio
666 2410 776 2471 tradita
804 2432 904 2471 mense
930 2411 1072 2487 Octobri,
1110 2432 1188 2470 onero
1215 2431 1305 2509 quem

207 2494 402 2574 Theophanes
415 2506 552 2554 numerat
566 2517 582 2553 a
598 2496 716 2556 Christo
731 2504 803 2555 nato
819 2489 891 2562 822.
913 2498 1023 2574 quique
1036 2456 1164 2555 Bitonio
1184 2495 1306 2556 nosanisi

207 2583 280 2645 829.
303 2588 437 2659 putatur,
461 2580 570 2659 quod
561 2591 641 2641 antor
656 2602 755 2661 ipsum
771 2580 1027 2659 et'lheophanem
1042 2580 1241 2647 mensium4
1264 2580 1304 2639 sit

207 2664 381 2740 dissidium·
403 2664 461 2723 hoc
480 2686 539 2725 una
559 2686 627 2725 cunr
647 2666 813 2724 indictione
832 2686 850 2724 a
866 2666 1047 2744 Septembri,
1069 2666 1123 2723 illo
1137 2687 1153 2723 a
1166 2664 1304 2723 Ianuario

207 2770 279 2807 ιιιιιιι
270 2708 630 2808 'decuisurnemetiente
672 2750 700 2809 Is
718 2761 818 2807 autem
834 2751 883 2809 vel
902 2748 1060 2808 Graecus
1051 2750 1165 2821 iniens,
1186 2748 1304 2808 vellu-

205 2834 303 2891 lienus
318 2853 399 2927 pene·
411 2834 579 2908 declinans,
602 2834 682 2891 idem
697 2842 739 2891 est
745 2832 828 2910 ,qui
842 2843 911 2912 post
926 2853 1019 2891 annos
1037 2793 1265 2911 quatuoidecim
1286 2854 1305 2893 u

206 2916 399 2995 Nicephoro'
390 2937 422 2973 ιιι
436 2917 519 2975 exilii
532 2876 754 2975 calamitatibus
766 2927 886 2976 exactos
909 2915 1045 2999 (totidem
1059 2918 1139 2977 enim
1153 2926 1306 2977 enumerat

206 3002 336 3059 eiusdem
357 3002 485 3059 nominis
506 2999 701 3082 Theophanes
724 3002 819 3079 alter,
846 3002 911 3062 eius
931 3001 1073 3061 historiae
1091 3013 1121 3062 et
1135 3004 1305 3063 tralationis

207 3085 447 3163 compendiarias
467 3086 577 3146 author
600 3089 638 3147 ad
661 3087 760 3147 hlartii
783 3050 862 3147 diem
886 3088 966 3153 13.'
958 3107 990 3146 m
1012 3087 1091 3147 Surii
1114 3084 1304 3165 collectione)

207 3169 370 3249 Nicephori
386 3180 479 3229 morte
493 3171 572 3231 luraii
585 3176 635 3237 13.
659 3194 718 3251 quo
736 3173 846 3233 sestum
863 3173 925 3231 eius
941 3172 1071 3231 Ecclesia
1093 3171 1206 3229 Graeca
1222 3171 1303 3230 cele-

197 3255 293 3333 brat,
314 3255 473 3333 insignitus
489 3258 555 3319 lu.it·
598 3259 734 3330 Quattuor
747 3276 817 3334 ergo
831 3257 911 3314 solos
926 3274 1038 3313 menses
1056 3265 1124 3312 ante
1137 3256 1222 3313 Balbi
1236 3257 1351 3324 ela-v
1366 3270 1401 3325 78

208 3349 273 3399 turn
297 3342 402 3413 sunus,
434 3350 464 3399 ct
486 3341 652 3419 Theophilo
676 3340 839 3400 delatum
831 3340 985 3418 roiperium
1011 3338 1205 3439 Nicephorus·
1220 3340 1302 3400 letho

209 3426 331 3485 iunctus
355 3434 415 3498 cst,
443 3444 502 3521 quo
523 3435 670 3503 ternpore,
698 3423 748 3484 vet
768 3423 888 3481 modico
908 3432 1007 3524 post,
1015 3423 1118 3483 debuit
1124 3426 1208 3505 ,qui
1227 3446 1304 3507 opus

209 3512 345 3569 manibus
359 3510 477 3588 excepit
490 3509 522 3565 in
535 3508 656 3566 titulum
675 3507 886 3588 praefigere'
850 3531 934 3589 pexos
952 3501 1071 3590 χρόνων
1089 3507 1231 3590 Μιχαήλ,
1252 3510 1304 3573 ael
1372 3572 1376 3579 ,

211 3598 360 3673 Θεοφίλου
378 3594 450 3656 oioai
471 3587 581 3691 oritoni,
610 3593 692 3671 quod
717 3592 802 3652 illius
823 3592 958 3673 auspicia
985 3594 1099 3673 prime,
1128 3594 1211 3654 illius
1231 3615 1303 3655 vero

209 3680 300 3738 linem
323 3680 461 3739 ultimum
481 3678 546 3738 eius
568 3678 686 3739 huthos
709 3678 898 3761 Nicephorus
926 3678 1098 3741 Patriarcho
1121 3699 1197 3760 pene
1223 3702 1303 3741 con-

209 3766 349 3845 spexerit.
