3109 4959
563 427 623 494 ΕΤ
644 425 992 499 ANNOTATIONES.
1243 417 1320 492 897

238 584 384 665 populum
402 584 555 664 captivum
575 582 731 659 liberasse,
753 592 784 643 et
801 584 941 664 Aegypto
963 583 1136 659 excessisse5
1156 583 1246 644 modo
1263 583 1319 645 du·

238 668 304 729 liius
327 670 455 728 natolem
477 666 587 748 Moysis
607 668 686 727 diem
702 667 741 726 ad
763 668 894 728 eiusdem
911 667 988 746 regis
1001 667 1165 748 primordia
1178 687 1321 731 revocare

237 753 357 812 audeat:
380 753 538 833 posteriori
555 751 672 831 quidem
695 752 830 813 Africani
848 754 928 813 dicto
955 753 1146 812 assentientes
1168 753 1206 813 ab
1231 753 1322 814 Amos

236 836 323 896 initio
338 837 376 897 ud
386 835 678 920 Misphragmutlrosis
690 837 780 897 linem
795 849 914 898 centum
928 846 958 898 et
968 836 1072 914 viginti
1084 857 1230 898 annorum
1242 858 1322 898 sum.

235 942 314 980 mom
337 923 524 1002 colligemus,
544 921 631 982 Amos
647 923 725 982 eninr
741 922 794 981 ille
809 923 901 981 nullis
920 922 993 981 licet
1009 920 1045 979 ab
1062 921 1204 982 Africano
1224 923 1322 982 dona-

235 1014 286 1065 tus
310 1006 413 1082 enisis,
441 1007 477 1066 ab
499 1006 632 1067 ¹Eusebio
654 1008 707 1074 26.
730 1027 866 1086 regnasse
887 1000 1016 1081 dicitur,
1045 1005 1093 1065 eui
1117 1005 1247 1067 Cbebros'
1270 1011 1321 1075 16.

234 1086 453 1171 Amenopbthis
473 1096 524 1158 21.
555 1091 680 1150 diuersis
702 1097 754 1157 22.
777 1090 936 1171 Misapbris
953 1093 1003 1156 13.
1027 1087 1323 1173 blispbragmutbosie

234 1176 356 1235 tundem
371 1181 422 1242 26.
445 1175 618 1235 successisse
634 1175 761 1252 dicitur-3
784 1187 873 1256 etque
888 1177 961 1237 adeo
974 1193 1080 1252 regum
1095 1175 1224 1235 istorum
1239 1185 1323 1234 aets-

234 1267 279 1318 tes
294 1279 358 1318 eam
372 1279 459 1339 quarn
472 1260 568 1336 exegit
579 1260 697 1340 Moyses
718 1280 866 1321 minorum
885 1279 1031 1321 summam
1053 1268 1215 1338 exsequste
1235 1259 1321 1340 prius

234 1353 333 1403 eutem
345 1344 459 1404 dictum
471 1344 629 1424 amplexati
645 1346 800 1423 nequidem
815 1366 962 1406 annorum
976 1342 1170 1423 quadraginta
1191 1343 1321 1424 spatium

234 1429 388 1487 commode
403 1429 565 1509 poterimus
588 1447 705 1504 eruere,
728 1450 787 1509 quo
809 1432 968 1490 terminum
985 1438 1144 1508 utrumque
1159 1427 1322 1513 dispunge-

229 1531 306 1570 mus.
346 1513 373 1570 N
375 1533 432 1572 unc
447 1535 535 1593 quom
549 1523 671 1573 coactus
686 1513 765 1574 inter
779 1515 875 1593 Ogygi
893 1512 1140 1592 Deucalionisque
1151 1512 1321 1573 inmsdatio-

229 1615 298 1656 nem
314 1598 400 1657 annis
413 1600 484 1664 248.
505 1608 641 1658 teneatur
655 1599 812 1658 Africanus
826 1599 997 1672 admittere,
1017 1595 1103 1658 brevi
1122 1597 1239 1657 ratione
1252 1617 1321 1656 cum

230 1679 365 1740 Autlrore
384 1683 513 1744 declaro.
565 1682 749 1742 Deucalionis
772 1683 921 1742 diluvium
945 1684 1059 1743 Gronau
1079 1682 1211 1740 secundo
1231 1680 1322 1742 utho.

230 1765 378 1823 niensium
401 1786 469 1844 rege
490 1766 654 1847 imperante
677 1767 806 1826 Atticam
826 1768 976 1843 regionem
1004 1763 1157 1823 obvolvit:
1184 1766 1322 1842 regnarit

182 1867 183 1872 ¹
232 1846 364 1906 cranam
384 1869 491 1908 norem
510 1851 610 1925 ansuis,
632 1860 829 1930 praecesserat
852 1853 999 1911 craneum
1021 1850 1167 1929 Cecrops,
1188 1857 1219 1907 et
1235 1849 1321 1908 suuis

231 1934 282 1997 50.
303 1942 495 2009 regnares-an
516 1943 584 1993 onte
599 1937 757 2016 Cecropem
772 1944 853 1995 retro
868 1936 965 2015 Ogygi
978 1931 1127 1994 diluvium
1148 1932 1187 1991 ob
1199 1953 1320 2014 campos

231 2017 376 2095 urbesque
398 2019 563 2077 devastatas
582 2018 687 2078 incolis
706 2019 880 2100 regibusque
895 2021 977 2097 regio
999 2016 1115 2076 deserta
1139 2027 1322 2077 remanserat

230 2097 315 2159 arinis
334 2104 402 2167 189.
419 2103 491 2160 totis
507 2100 599 2180 igitur
615 2105 685 2170 248.
708 2115 884 2184 separantur
898 2103 934 2162 ab
953 2101 1081 2161 invicem
1097 2099 1192 2178 Ogygi
1207 2099 1321 2160 Deuca.

227 2183 375 2262 lionisque
396 2188 515 2245 nomine
533 2197 638 2247 vocato
664 2187 790 2249 diluvia.
832 2187 891 2245 llic
906 2183 1040 2243 Africani
1056 2183 1225 2259 discursus,
1245 2183 1322 2244 lraec

228 2267 293 2328 eius
309 2279 550 2344 argumentorum
566 2271 716 2348 pondera,
738 2289 813 2347 (luae
825 2270 898 2329 licet
910 2269 990 2348 apud
1005 2286 1052 2325 me
1064 2267 1163 2344 megni
1176 2270 1321 2330 momenti

229 2353 307 2411 siut:
330 2372 368 2410 ex
383 2373 417 2410 eo
431 2361 537 2412 nutare
552 2354 610 2412 lide
627 2356 793 2433 pesecutio,
815 2353 897 2433 quod
915 2351 1065 2413 subtiliter
1079 2371 1136 2430 pro
1156 2372 1259 2431 ruore,
1281 2374 1320 2414 ue

229 2436 325 2494 dicum
353 2435 469 2505 dolose,
492 2456 529 2496 ex
546 2437 706 2498 adversarii
730 2446 760 2496 ct
780 2437 902 2517 propris
925 2457 979 2497 sua
1006 2436 1150 2495 sententie
1174 2437 1320 2518 impetens

229 2519 612 2596 Georgiusadrersoriuru,
634 2531 668 2593 ut
687 2531 859 2600 argumento
875 2522 913 2580 od
931 2520 1101 2595 bominem,
1125 2523 1205 2599 quod
1222 2522 1320 2600 siunt,

228 2605 552 2684 coruposito'conliciat
571 2605 735 2682 hominem,
759 2606 841 2684 quod
859 2607 969 2684 partim
990 2604 1185 2681 admittatur,
1205 2609 1320 2686 partios

226 2690 264 2748 ab
286 2689 455 2749 adversario
478 2690 581 2750 debeat
599 2691 896 2769 nepor·i„proponat.
938 2690 1046 2747 Lector
1063 2698 1192 2747 mentem
1214 2699 1243 2750 et
1264 2691 1319 2751 do·

225 2774 289 2833 lum
303 2775 454 2851 advertet,
475 2773 548 2833 mibi
564 2775 600 2833 de
615 2777 667 2835 illo
682 2774 832 2833 monuisse
849 2774 929 2833 sotis.
971 2773 1015 2830 De
1031 2771 1153 2849 Georgii
1164 2793 1318 2852 argumen-

225 2859 309 2917 tandi
339 2859 556 2919 consuetudine
579 2858 690 2919 redibit
719 2860 826 2918 iteruin
849 2878 955 2921 sermo.
1007 2857 1163 2916 Caeterum
1183 2859 1317 2931 Amosim

226 2962 294 3000 com
305 2941 584 3022 llispbrugmuthosi
599 2943 741 3003 conlundi
758 2963 845 3021 posse
861 2951 962 3002 roonet
977 2939 1092 3002 dutbor
1103 2942 1202 3021 pagio.
1215 2948 1268 3011 69.
1280 2947 1315 3010 Β,

224 3024 321 3085 lluius
335 3027 421 3086 etiarn
441 3029 597 3108 llynastioe
616 3029 653 3086 od
670 3027 799 3086 llmosirn
813 3025 909 3105 bunc,
933 3026 985 3106 qui
1001 3025 1088 3084 etiam
1102 3024 1317 3106 biispbrsgmu.

223 3108 320 3168 tlrosis
333 3112 403 3170 anni
417 3113 603 3172 solummodo
618 3117 668 3180 69.
683 3121 888 3172 nurnerantur.
923 3109 1055 3171 Cbebros
1074 3110 1123 3173 13.
1144 3110 1315 3193 Amenopb.

224 3192 285 3252 tliis
301 3198 351 3259 21.
373 3196 518 3273 Αωεηίι,
540 3198 589 3275 qui
607 3217 672 3278 peg,
687 3203 738 3263 71.
780 3197 921 3256 Amenses
939 3195 1061 3272 legitur,
1082 3197 1135 3258 22.
1155 3193 1313 3276 blisapbris

225 3281 275 3344 13.
295 3299 406 3338 summa
429 3286 480 3348 69.
523 3281 569 3340 Ex
590 3281 689 3340 verbis
707 3291 805 3340 tamen
824 3303 890 3362 pag.
910 3286 960 3347 71.
978 3279 1017 3340 D.
1038 3276 1148 3335 clarius
1168 3289 1197 3337 ot
1215 3301 1316 3344 corre·

222 3363 301 3422 etius
315 3364 461 3443 expressis
475 3364 571 3425 sateor
585 3365 637 3424 bic
648 3367 816 3443 legendum.
839 3359 992 3446 duosi'c'rrd
1001 3353 1146 3441 Ἀμῶσιος
1160 3361 1216 3438 ἕως
1232 3371 1315 3430 Meo-

224 3443 499 3530 φραγμουθαῖσεως.
541 3449 702 3508 Arsnorum
725 3473 846 3509 summu
871 3451 910 3509 ab
937 3447 1033 3506 Amos
1055 3466 1152 3524 usquc
1172 3447 1218 3506 uel
1236 3452 1315 3510 Mis.

218 3533 487 3612 pdragmutlroeim
504 3545 557 3595 etc.
598 3535 653 3596 llis
671 3536 792 3616 Georgii
815 3531 1032 3614 argumentatio
1058 3534 1241 3595 commodius
1261 3535 1315 3596 ad·

223 3625 353 3698 aptatur.

307 3699 393 3765 Karai
408 3697 591 3786 Ἀφρικανᾶν
604 3698 838 3785 καΙΕὔσέβιον]
856 3703 916 3762 Neo
931 3700 1088 3762 Africanus
1101 3724 1158 3763 nec
1168 3703 1314 3764 Eusebius

224 3803 262 3843 ex
273 3787 439 3866 primorum
454 3809 507 3847 sex
522 3791 571 3849 vel
588 3800 718 3874 quatuor
733 3789 893 3869 llynastiae
912 3792 960 3854 18.
974 3808 1077 3865 regum
1098 3789 1242 3847 aetatibus
1261 3809 1315 3847 an·

222 3888 330 3929 norum
346 3877 415 3940 120.
431 3893 574 3932 summam
590 3875 771 3954 compingit:
794 3882 932 3953 quartum
949 3873 1027 3932 euim
1044 3873 1143 3932 omisit
1158 3872 1313 3948 Eusebius,

221 3962 372 4031 postremo
397 3957 526 4017 detraxit
546 3979 654 4019 unum:
678 3959 837 4018 Africanus
856 3959 944 4039 primi
967 3959 1066 4016 nullos
1087 3959 1189 4038 posuit
1208 3975 1313 4019 annos.

221 4037 363 4098 Eusebius
374 4049 472 4100 tamen
487 4042 576 4123 primi
593 4042 725 4101 Amosios
742 4043 793 4108 25.
814 4044 971 4118 recensuit,
992 4043 1125 4121 reliquos
1140 4039 1313 4101 Africanus:

220 4129 253 4263 ¹et
273 4139 312 4179 ex
333 4123 487 4205 utriusque
501 4126 631 4209 privatis
650 4125 772 4186 calculis
793 4134 1099 4196 una110.annoruut
1115 4142 1230 4184 summe
1251 4125 1313 4186 col·

234 4213 297 4264 ecta
317 4215 371 4269 est.

292 4285 365 4370 'Ero
380 4285 446 4373 pst]
468 4291 693 4354 Emendandum
706 4288 743 4358 κ’.
756 4294 790 4354 in
805 4288 859 4377 ρκ’.
874 4295 985 4375 privati
999 4312 1147 4353 annorum
1166 4293 1311 4374 cuiusque
1393 4300 1396 4305 ⁴

219 4372 299 4454 regis
318 4375 428 4438 calculi
452 4379 591 4460 probent.
638 4381 769 4443 Secundi
792 4379 1012 4462 Ameuopbtbis
1031 4378 1183 4442 ubertim
1207 4379 1311 4462 posuit
