3109 4959
244 356 294 431 22
626 364 669 439 G.
690 363 734 435 G.
754 365 962 437 BREDOVII

308 524 405 584 Tanto
427 542 500 585 vero
529 521 629 585 studio
653 524 797 603 Georgius
818 525 1001 586 versionem.
1016 543 1149 603 graecam
1168 523 1335 584 bibliorum

245 608 396 687 sequitur,
417 616 450 669 ut
465 630 526 669 nors
545 612 611 669 sine
629 610 680 668 ira
699 630 747 668 eor
760 608 974 689 reprehendat,
996 613 1051 688 qui
1073 620 1187 667 tartum
1199 610 1336 667 Hebrai-

245 714 316 751 cam
329 704 479 773 seqsssntes
493 712 543 770 ea,
565 713 642 774 quae
659 693 699 753 ab
717 695 929 773 iuterpretibrss
945 696 1067 773 gruecs's
1084 691 1195 752 addita
1209 712 1270 752 esse
1283 692 1336 752 vi-

246 777 386 853 deantur,
407 780 577 857 negligunt.
618 777 653 838 In
671 798 734 858 cap.
752 780 806 839 Xl.
823 781 969 839 Geneseos
982 798 1061 838 vens.
1076 782 1124 842 12.
1143 776 1337 854 Genealogiae

245 862 323 925 No'e's
346 864 381 922 ab
400 861 614 942 interpretibus
635 862 756 923 Graecis
774 864 911 938 erassum,
937 864 1017 922 filius
1031 860 1232 942 Arplmxadis,
1254 862 1338 919 iuse-
1381 909 1383 914 .

246 946 341 1021 ritur;
370 967 438 1007 nam
462 948 494 1005 in
516 956 603 1007 textu
617 946 762 1008 Hebraico
786 947 970 1029 trpbaxadis
986 946 1066 1007 filius
1085 955 1129 1006 est
1146 945 1229 1020 Sala,
1251 963 1338 1024 quem

245 1028 424 1111 interpretes
446 1031 633 1111 septuaginta
649 1031 745 1091 lilium
760 1033 884 1109 (iainao,
904 1042 1042 1113 nepotem
1065 1029 1254 1112 Arpbaxadis
1272 1050 1338 1106 po-

245 1124 334 1179 nunt.
376 1116 421 1175 Eo
438 1116 545 1175 maiori
558 1124 656 1175 autern
671 1115 772 1175 studio
790 1118 932 1194 Georgius
948 1118 980 1175 in
997 1115 1157 1176 Eusebium
1171 1122 1200 1173 et
1217 1114 1339 1173 Africa-

246 1220 337 1276 num,
359 1200 411 1279 qui
437 1209 551 1259 textum
573 1199 750 1259 Hebraicum
773 1201 893 1281 sequuti
917 1210 1004 1278 sunt,
1023 1199 1155 1275 invehit,
1186 1197 1268 1279 quod
1289 1196 1340 1255 di·

246 1284 418 1345 vinissisnus
432 1303 552 1364 qnoque
567 1286 676 1360 Lucas,
696 1282 715 1346 d
728 1286 844 1366 pactos
863 1279 1024 1365 Εὕσεβίων
1042 1278 1226 1365 dovyspisosg
1242 1277 1340 1362 seposi-

246 1391 324 1449 χων,
345 1369 379 1427 in
402 1369 499 1446 capite
516 1368 608 1426 tertio
631 1368 728 1447 sancti
744 1370 894 1446 Evangelii
908 1390 992 1430 vers.
1007 1373 1059 1435 36.
1082 1368 1193 1427 Cainan
1216 1365 1340 1447 Arpha-

248 1451 336 1511 xadis
357 1449 470 1525 filium,
489 1450 637 1509 decimum
652 1450 774 1509 tertium
791 1452 827 1510 ab
845 1454 955 1511 Adamo
974 1463 1126 1513 numerat:
1147 1471 1213 1532 pag.
1228 1452 1278 1517 54.
1294 1450 1339 1524 A„

247 1556 279 1616 p·
296 1538 346 1600 80.
366 1534 417 1610 1.,
437 1555 469 1615 p.
488 1539 539 1601 92.
561 1533 923 1612 e.u.,p.115.s.u.‚
945 1556 974 1614 p.
998 1540 1067 1601 168.
1088 1539 1141 1610 tn,
1163 1558 1193 1615 p.
1214 1540 1285 1601 169.
1305 1534 1340 1598 B.

247 1616 365 1680 Etenim
387 1618 412 1677 si
432 1617 540 1678 nullibi
556 1637 665 1677 nomen
683 1616 790 1678 Caiaaae
808 1619 963 1678 inventum
979 1628 1070 1695 essen
1092 1620 1173 1677 unde
1194 1618 1266 1677 lecti
1286 1637 1341 1696 per

249 1722 350 1763 omnes
361 1702 508 1763 Ecclesiae
518 1701 699 1762 Christianae
716 1702 811 1763 sancti
823 1703 893 1764 libri
908 1703 1055 1764 Geneseos
1070 1705 1203 1781 (graecos
1219 1700 1339 1780 cogitat)

248 1788 335 1849 illum
355 1787 520 1866 promunt'l
549 1786 629 1847 narde
646 1789 757 1864 Lucas,
780 1788 910 1848 cuiusvis
930 1788 1050 1848 divinae
1069 1786 1274 1864 humanaeque
1286 1806 1341 1843 aa·

249 1870 379 1953 pientiae
398 1872 513 1953 peritus
530 1872 562 1932 in
582 1872 742 1949 Evangelio
765 1891 820 1932 suo
839 1871 964 1953 posuit'l
995 1873 1089 1949 „Non
1103 1870 1226 1931 dubium
1243 1870 1270 1928 ei
1284 1879 1340 1945 ost,

250 1955 324 2036 quin
347 1956 379 2016 in
395 1966 533 2016 accurate
549 1955 706 2036 descriptis
728 1956 880 2018 codicibus
893 1956 1047 2017 Hebraicis
1061 1954 1109 2037 (tr
1125 1962 1188 2029 τοῖς
1208 1950 1342 2037 ἠκριβω-

248 2039 350 2121 μένοις
369 2044 431 2105 sair
444 2034 650 2138 decerpsimus)
666 2041 782 2102 numeri
797 2043 951 2121 legantur,
973 2062 1031 2122 qua
1043 2040 1159 2101 ratione
1172 2040 1235 2120 ipse
1247 2058 1341 2099 armos

251 2133 411 2204 computet.
430 2155 473 2172 -
498 2127 709 2201 cognoscimus
723 2146 760 2196 ex
783 2124 832 2187 his
847 2128 939 2203 locis,
963 2126 1124 2204 Georgium
1140 2126 1173 2184 iu
1188 2126 1341 2203 exempla-

249 2208 335 2271 siuas
356 2208 416 2267 suis
429 2207 582 2285 Evangelii
598 2209 693 2267 Lucae
708 2229 817 2269 nomeu
837 2212 943 2270 Cainae
959 2212 1081 2290 legisse,
1101 2228 1198 2290 neque
1218 2208 1341 2268 dubita-

250 2293 294 2354 tio
311 2292 348 2352 de
363 2292 488 2352 veritate
503 2290 640 2351 lectionis
655 2302 735 2351 mota
750 2293 841 2353 fuisso
856 2295 984 2358 videtur.
1025 2295 1061 2356 ln
1076 2315 1137 2354 uno
1154 2294 1274 2375 quidem
1288 2314 1342 2353 oo-

251 2375 317 2437 dice
333 2375 368 2437 N.
390 2376 443 2451 Τ.,
473 2375 743 2455 Cantabrigiensem
762 2377 857 2437 Besae
878 2378 963 2453 dico,
994 2398 1103 2439 nomen
1121 2379 1228 2438 calnae
1249 2377 1341 2453 abest,

250 2470 280 2522 et
295 2460 436 2521 'nonnulli
452 2461 606 2522 doctorum
620 2461 776 2538 dubitant,
792 2482 892 2521 annon
903 2464 1027 2522 tortasse
1041 2483 1059 2522 a
1072 2463 1195 2523 caeteris
1210 2461 1340 2523 librariis

250 2546 401 2607 codicibus
421 2546 457 2606 N.
472 2547 507 2609 Τ.
522 2550 665 2607 insertum
684 2547 736 2607 sit:
757 2546 790 2606 in
805 2546 942 2607 omnibus
956 2567 1028 2606 vero
1047 2546 1201 2607 codicibus
1220 2555 1342 2626 septua-

250 2631 332 2710 ginta
352 2631 551 2712 interpretum
571 2630 696 2709 legitur,
714 2628 756 2715 ¹¹)
778 2631 895 2711 iamque
917 2632 1051 2711 Originis
1066 2641 1161 2691 aetate
1179 2630 1341 2710 legebatur,

252 2736 359 2795 aquo,
380 2716 461 2795 quod
478 2716 641 2797 Procopius
666 2715 797 2777 Gazaeus
818 2725 959 2794 testatur,
981 2719 1014 2777 in
1030 2716 1173 2797 Hexaplis
1188 2715 1273 2774 obolo
1289 2736 1343 2774 no-

250 2809 333 2861 tatus
352 2798 426 2875 fain
455 2821 516 2859 non
537 2811 653 2876 autem,
681 2821 771 2880 quam
793 2801 995 2862 oonieotmnm
1016 2802 1088 2861 inde
1109 2799 1217 2879 aliquis
1230 2817 1343 2881 ,capere

250 2892 368 2966 posset,
398 2886 479 2963 qood
503 2906 520 2943 a
546 2884 718 2965 quibusdam
741 2884 960 2965 exemplaribus
980 2886 1093 2965 graecis
1117 2884 1260 2960 abluerit,
1288 2882 1343 2943 sed

252 2968 337 3048 quod
355 2969 387 3027 iu
400 2968 554 3029 Hebraicis
573 2989 635 3029 non
653 2968 721 3031 suit.
745 2972 806 3034 etr.
824 2971 953 3050 Originis
973 2973 1168 3032 commentar.
1187 2969 1220 3029 in
1235 2967 1342 3031 lllottb.

252 3053 336 3115 Tom.
349 3051 373 3113 1.
388 3074 418 3134 p.
432 3056 505 3120 381.
529 3086 565 3100 -
589 3054 676 3114 Unde
694 3064 795 3115 autem
811 3075 917 3115 versus
934 3056 985 3115 ille
1000 3076 1064 3136 cap.
1083 3060 1133 3122 11.
1148 3055 1294 3113 Geneseos
1310 3054 1354 3111 in.

252 3137 420 3199 versionem
438 3156 572 3215 graecam
592 3138 793 3219 subrepserit,
813 3160 873 3199 non
894 3140 1026 3220 reperio,
1058 3160 1129 3199 nam
1150 3138 1187 3198 ab
1203 3137 1343 3198 omnibus

253 3222 406 3282 codicibus
428 3221 598 3298 Hebraicis,
620 3223 672 3301 qui
693 3224 780 3283 nobis
800 3234 976 3303 supersunt,
1000 3243 1133 3303 quosque
1148 3224 1263 3305 antiqui
1278 3241 1344 3280 me·

252 3316 389 3383 morant,
416 3305 506 3368 abest.
555 3305 752 3382 Quamobrem
777 3308 905 3387 Georgia
926 3308 1268 3388 neutiquamassentiar,
1289 3300 1344 3367 riv

251 3385 404 3474 Εὖσέβιον
415 3385 618 3470 σφάλλεσθαί,
640 3396 681 3475 τῷ
691 3392 840 3477 Ἑβραϊκῷ
854 3388 1027 3477 ἆντιγρᾶφῳ
1051 3397 1153 3477 κακῷ
1171 3383 1344 3469 ἆκολουθή-

253 3490 362 3552 σαντα,
385 3495 452 3557 pag.
467 3481 517 3542 79.
535 3476 587 3538 lt:
612 3476 665 3536 sed
680 3498 773 3560 quum
787 3488 889 3539 textus
904 3478 1067 3537 Hebraicus
1080 3477 1194 3557 primus
1209 3475 1276 3537 lons
1288 3483 1342 3549 est,

253 3576 292 3617 ex
316 3579 376 3637 quo
398 3560 518 3620 haurire
541 3559 699 3636 debemus,
721 3582 789 3622 eum
810 3563 911 3643 potius
928 3562 1011 3641 sequi
1030 3581 1150 3622 necesse
1170 3567 1232 3634 est,
1254 3578 1343 3638 quam

252 3640 369 3705 rivulos
386 3643 456 3705 inde
478 3642 641 3720 deductos,
671 3667 806 3729 quosque
827 3647 932 3708 alienis
953 3644 1163 3709 additamentis
1187 3653 1342 3726 corruptos

288 3791 336 3860 11)
352 3788 382 3845 ln
394 3806 445 3845 uno
457 3792 545 3847 codice
557 3796 615 3850 seis
632 3790 666 3860 o',
683 3811 757 3865 qoem
778 3796 904 3851 Robertas
920 3797 1026 3852 Itotsaas
1041 3808 1146 3847 nurnero
1165 3783 1201 3851 8'2
1215 3791 1343 3862 designat,

321 3866 401 3931 atque
414 3861 440 3913 in
452 3863 568 3915 versione
579 3864 742 3928 Armeniaca,
759 3880 834 3935 quam
853 3882 903 3919 noo
915 3883 948 3918 ex
961 3862 1111 3926 Hebraicis,
1127 3878 1213 3916 veram
1226 3880 1242 3916 e
1257 3864 1343 3915 Grae·
1376 3889 1380 3896 ·

321 3930 361 3985 cis
375 3928 506 3982 codicibus
523 3932 685 4001 septuaginta
706 3932 873 4003 interpretum
891 3932 1071 4004 postoima.
1092 3931 1185 3985 iactam
1205 3949 1264 3983 esso
1281 3946 1344 3981 con·

321 3996 1344 4124 arnnannntt‘ttmzntnnnntrntt

321 4134 427 4192 oxonii.
446 4137 523 4192 1798.
557 4135 640 4190 Unum
656 4136 683 4191 iu
697 4138 745 4191 lmc
759 4155 839 4209 opere
853 4136 1045 4206 diligentissimo
1063 4145 1141 4207 seque
1157 4134 1344 4202 elegantissimo

320 4204 455 4270 desidero,
493 4201 543 4257 uod
555 4202 660 4258 Holmes
673 4204 736 4259 nibil
750 4224 856 4276 prorsus
874 4207 1004 4289 praefatos
1019 4214 1073 4272 est,
1091 4212 1213 4275 quantum
1228 4202 1344 4256 auctori-

323 4273 386 4354 nats
404 4222 513 4343 singuiis
530 4274 661 4355 codicibus
681 4262 913 4340 mauenatnabnt,
931 4290 983 4345 quo
997 4276 1097 4331 ssemlo
1117 4279 1175 4327 ets
1189 4288 1238 4343 quo
1255 4271 1345 4339 scripti

325 4349 394 4407 surt3
410 4358 486 4411 quarn
502 4359 676 4399 recensionem
689 4356 835 4414 sequuntur.
