3109 4959
279 431 355 510 594
659 439 1004 509 enuntiationes

280 598 440 672 hibuisaet3
466 617 556 678 supra
577 620 650 659 vero
669 619 734 680 pag.
758 604 810 665 68.
830 600 864 663 C.
884 599 1022 659 videmus
1038 599 1154 660 eosdem
1171 609 1306 659 exaratos
1321 597 1368 658 his

280 683 442 744 usarrisestia
469 685 568 742 verbis
597 678 817 762 συντρεχόντων
836 679 944 768 ,Wlff-
969 685 1045 746 ἐτῶν
1068 689 1125 748 τοῦ
1145 679 1276 761 κόσμου,
1303 683 1369 742 cir-

281 791 315 828 ca
337 789 412 848 quae
426 770 521 848 posita
541 769 718 848 praecedens
738 769 951 828 animadversio
964 770 1067 848 quinta
1081 769 1185 829 muudi
1203 773 1295 836 3732.
1312 790 1369 826 an-

280 875 353 914 num
377 873 446 912 cum
473 852 579 912 Assetlr
603 859 651 918 17.
682 873 862 913 concurrere
888 855 1032 918 declarat:
1059 855 1141 932 isque
1163 854 1240 911 idern
1264 853 1371 912 mundi

279 941 374 1004 3732.
394 947 439 996 est
454 939 503 1016 qui
523 940 609 997 Amos
626 938 687 996 sive
700 938 833 998 Ainesios
849 959 971 1013 regnum
986 939 1071 996 antris
1085 948 1213 1017 quatuor
1227 947 1370 997 antevor-

280 1025 333 1081 tit:
354 1017 413 1102 τιρό
425 1016 576 1103 τεσσάρων
590 1027 643 1098 τῆς
658 1015 750 1102 α’ργῆς
760 1017 856 1085 utiensi
869 1023 952 1099 troia,
974 1019 1048 1085 κατιί
1061 1019 1094 1084 τί
1110 1017 1217 1107 preld.
1236 1021 1299 1094 ἔτος
1314 1025 1371 1082 τοῦ

282 1102 414 1184 κόσμους
437 1128 496 1186 quo
510 1128 576 1166 cum
594 1108 687 1166 Moses
706 1105 784 1165 haud
799 1117 885 1166 natus
900 1109 947 1185 sit,
961 1109 1013 1166 sed
1026 1129 1104 1166 αιιυο
1120 1117 1259 1186 sequente
1272 1109 1367 1170 3736.

280 1203 316 1250 ut
338 1191 425 1250 habet
444 1213 509 1271 pag.
532 1198 601 1258 126.
624 1194 655 1250 C.
674 1193 722 1250 vet
743 1192 936 1253 correctiores
956 1192 1063 1252 calculi
1085 1192 1117 1250 in
1140 1192 1267 1265 tabulis,
1295 1191 1370 1269 quid

279 1287 413 1354 superest
428 1278 486 1335 nisi
505 1277 676 1356 praecipitis
691 1285 721 1334 et
737 1277 833 1337 levius
851 1297 1012 1358 perpensae
1027 1277 1188 1336 senitentise
1200 1294 1284 1336 reum
1300 1277 1370 1334 Au-

279 1359 398 1419 thorem
417 1361 513 1434 fateri,
535 1363 599 1438 qui,
624 1360 746 1419 calculis
758 1363 894 1436 mutatis,
917 1383 1064 1438 numeros,
1085 1362 1276 1435 sententiam,
1297 1359 1370 1418 scri·

279 1454 331 1524 pta
354 1445 474 1523 propria
497 1455 647 1524 pervertat
670 1453 699 1502 et
722 1446 845 1504 confusa
860 1448 1012 1506 ostentati
1040 1447 1232 1526 Quapropter
1249 1445 1369 1501 snendus

281 1529 367 1587 tertia
385 1539 489 1608 quarta
507 1539 536 1588 et
551 1529 654 1608 quinta
670 1529 750 1588 notis
765 1530 968 1609 superioribus
991 1531 1087 1589 obiter
1109 1540 1226 1588 tantum
1246 1527 1370 1585 indica-

280 1621 325 1670 tas
342 1614 571 1692 praetervolabit
590 1615 711 1685 Lector,
734 1623 763 1672 et
783 1635 819 1673 er
834 1616 947 1693 primae
964 1614 1169 1673 emendatione
1188 1613 1262 1671 alias
1283 1611 1369 1670 suciis

282 1699 413 1775 corriget
432 1701 469 1756 ad
492 1719 559 1779 pag.
579 1699 803 1779 praecedentem
825 1700 858 1758 n.
880 1700 1074 1780 pertinentes:
1105 1695 1177 1778 μετυί
1202 1695 1235 1760 δὲ
1255 1696 1305 1776 ἔτη
1327 1689 1368 1757 ια’.

281 1779 357 1844 nord
377 1780 427 1846 τείν
440 1781 574 1865 Ὤγυγον
590 1783 641 1846 καί
662 1780 714 1846 τείν
736 1779 787 1846 ἐτ’
807 1778 903 1846 αὐτοῦ
925 1781 1149 1862 aurant-vortit,
1168 1778 1294 1854 Ἀττιὸος
1316 1782 1370 1841 τοῦ

283 1865 442 1946 Φορονίως
453 1863 593 1949 Ἀργείων
606 1862 824 1945 βασιλεύοντος,
837 1868 894 1929 ἔτει
906 1863 949 1930 θ’.
972 1870 1144 1949 Αίγυτιτίων
1159 1863 1192 1928 ὀί
1207 1864 1368 1943 Μισρραγ-

282 1945 467 2028 nonenoeane
491 1951 547 2011 ίτει
569 1946 614 2020 ις’.
635 1945 801 2028 Ἀσσυρίων
813 1952 847 2011 δὲ
857 1947 1056 2024 Ἀσκατοίδους
1071 1952 1126 2012 ἔτει
1139 1945 1168 2011 ε’.
1191 1950 1369 2010 Σικυωνίων

282 2031 316 2094 δὲ
332 2027 475 2114 Ἔγνρέως
493 2034 548 2114 ἔτει
566 2028 615 2108 λζ.
637 2028 782 2116 ἐξήγαγεν·
801 2033 818 2096 ὁ
838 2038 960 2110 Μωσῆς
978 2033 1028 2096 τόν
1054 2032 1125 2095 ίαὸν
1149 2033 1181 2107 ἐξ
1203 2026 1367 2111 Αἰγύπτου.

281 2119 478 2177 Excusandua
494 2118 524 2176 in
542 2117 600 2178 hoc
621 2119 717 2178 solum
735 2117 854 2178 videtur
871 2118 1004 2193 Author,
1026 2118 1109 2196 quod
1129 2116 1262 2174 noudum
1283 2117 1369 2195 plene

281 2203 402 2279 digestis
418 2205 540 2261 calentis
559 2223 689 2264 errorem
709 2202 879 2280 admiserit,
901 2213 930 2261 et
949 2203 1082 2261 incertus
1105 2203 1257 2280 adprime
1282 2205 1369 2260 Annos

281 2307 375 2361 asino,
397 2287 502 2345 mundi
516 2291 608 2351 3736.
627 2288 675 2346 vel
693 2287 799 2346 Asseth
814 2292 863 2353 21.
878 2297 947 2346 ante
968 2297 1095 2366 quatuor
1115 2287 1255 2366 nimirum
1276 2305 1371 2343 annos

281 2371 387 2429 mundi
402 2373 494 2436 3732.
513 2371 709 2449 respondente
726 2375 853 2430 natatem
867 2372 956 2431 Masis
977 2373 1056 2430 diem
1074 2371 1193 2448 figeret,
1221 2369 1271 2430 uti
1292 2370 1371 2428 scri·

280 2455 327 2514 bit
342 2453 394 2512 trie
409 2451 483 2516 ιιυτιί
500 2453 553 2534 μὲν
566 2450 620 2516 τόν
634 2450 914 2534 ττρωτον”Αμωσιν,
937 2451 1004 2532 ἤτοι
1018 2454 1114 2532 Ἀμῶς
1133 2447 1209 2535 παρ’
1225 2447 1326 2535 αὐτῷ,
1348 2448 1370 2532 ἢ

281 2534 341 2622 apd
356 2534 392 2601 δ’.
412 2543 466 2617 τῆς
481 2535 574 2620 ἀρχῆς
590 2533 686 2601 ositeri
696 2537 771 2601 ἐτῶν
786 2543 905 2617 Μωσῆς
917 2538 1097 2618 γεγέννηται.

363 2618 508 2704 Ἐξῆλθεν
529 2618 586 2687 ἅττ’
606 2616 763 2704 Αἰγύπτου
788 2620 847 2684 στίν
866 2627 907 2708 τῷ
927 2627 988 2707 λαῷ
1012 2618 1113 2704 γαστρί.
1137 2620 1216 2700 ἔτει]
1250 2620 1369 2679 Erroria

282 2719 353 2768 uoto
370 2712 560 2788 praecedente
574 2707 751 2767 manifestati
763 2707 957 2767 continuatio.
991 2707 1058 2784 lpse
1072 2705 1188 2764 author
1203 2707 1370 2784 profectum

282 2813 321 2853 ex
339 2795 474 2872 Aegypto
498 2794 528 2852 in
552 2813 662 2852 annum
684 2815 701 2851 a
718 2792 832 2854 mundo
852 2791 976 2852 condito
996 2794 1091 2857 3816.
1111 2790 1143 2850 in
1165 2810 1253 2850 ouum
1270 2791 1370 2849 locum

282 2878 439 2938 submovet
457 2879 553 2958 pagio.
568 2884 639 2944 126.
653 2881 686 2938 C.

368 2959 435 3043 Πρί
448 2967 502 3026 τοῦ
520 2957 671 3043 'Amineae⁸
684 2959 822 3041 τίταρτον
842 2959 892 3024 aad
906 2957 1098 3038 τελευταῖον]
1127 2958 1162 3020 ln
1182 2959 1256 3020 haec
1274 2959 1373 3040 pagio.

282 3047 350 3108 Not.
364 3051 435 3114 251.
450 3047 548 3128 posita
560 3049 689 3125 Scaliger
702 3047 860 3108 exclamat.
901 3049 990 3106 Ilaec
1009 3043 1132 3125 quidem
1145 3047 1304 3105 οαίαιααία
1321 3057 1371 3105 ert.

289 3133 419 3191 Tertium
432 3137 512 3192 etaim
525 3155 584 3192 non
599 3143 743 3210 qum-tum
750 3129 1035 3209 decimsaesrptimae
1045 3128 1371 3207 struantaeffiaacbiru

284 3220 444 3276 comtitur't
466 3213 665 3300 (tphopirim)
687 3228 714 3273 et
735 3238 798 3274 non
815 3216 944 3274 Ameria
951 3261 959 3290 ,
981 3226 1016 3272 ut
1030 3217 1086 3271 irre
1101 3216 1216 3287 latrat,
1236 3212 1371 3276 σιτί”Αν-

282 3307 374 3382 γλην,
395 3300 616 3384 γυνηιῖνίργίην
634 3313 738 3376 vocat,-
761 3301 819 3358 aud
840 3322 899 3379 qun
923 3297 1083 3377 Ioaeplmm
1100 3299 1236 3382 Aegypto
1248 3302 1370 3378 praelt-

284 3397 365 3442 rtnm
377 3390 479 3460 [ιιίεαε
491 3387 576 3464 dicit,
596 3409 656 3446 non
670 3397 705 3445 nt
722 3388 873 3465 Georgia-r
883 3385 938 3444 aud
951 3386 1070 3444 Amori.
1099 3385 1193 3458 Quasi
1207 3405 1277 3443 vero
1291 3381 1370 3442 scri·

282 3469 378 3553 riserit
396 3461 559 3548 Georgica,
580 3471 638 3554 ττρὸ
656 3475 715 3536 τοῦ
732 3466 887 3551 Ἀμοίοεως
905 3464 1044 3551 τετάρτου
1065 3468 1118 3531 τινί
1130 3468 1297 3532 τελευταίου
1317 3469 1370 3543 τῆς

284 3550 328 3628 s?-
350 3554 525 3627 δυναστείας
541 3554 684 3634 ’Ἀῳωφιν
704 3550 853 3636 Εὐσέβιος
871 3553 1030 3638 παρέθετο.
1059 3564 1129 3611 ante
1144 3554 1288 3623 Amoas'n,
1319 3551 1371 3628 pul

289 3642 456 3717 Dptaatiue
471 3637 604 3698 decimae
617 3644 761 3718 reptimae
776 3649 907 3719 quartus
918 3651 945 3698 et
959 3650 1133 3718 pertremna
1149 3637 1262 3708 estitit,
1282 3634 1370 3712 Apo·

279 3727 368 3805 paim
382 3723 534 3783 Eusebius
548 3728 733 3784 interseruit:
755 3747 791 3784 ac
806 3744 868 3787 non
885 3721 1070 3783 manifestius
1087 3720 1182 3778 mutto
1202 3719 1264 3777 eius
1280 3718 1371 3777 verba

284 3828 403 3870 sensum
424 3809 515 3867 istum
532 3810 667 3870 reddant.
709 3808 882 3890 Aphophim
903 3815 1042 3885 quartum
1066 3812 1097 3862 et
1113 3803 1251 3862 ultimum
1269 3803 1372 3884 Dyna-

284 3896 358 3954 stiae
376 3898 422 3959 17.
434 3913 532 3970 regem
545 3903 613 3952 ante
625 3892 753 3953 Amosim
765 3902 883 3973 praeter
897 3891 1043 3952 rationem
1054 3887 1206 3948 ordinarit
1217 3888 1372 3949 toruior.

284 3979 443 4041 Perturbat
465 3978 604 4056 Sosligeri
625 3977 770 4036 iudicium
794 3994 934 4056 praeceps
954 3975 989 4033 in
1010 3973 1171 4051 Georgium
1195 3972 1372 4052 indignatio,

285 4074 470 4144 quapropter
491 4083 548 4124 nec
569 4061 642 4143 qnid
664 4062 786 4122 obiiciat
800 4062 962 4136 Georgius,
982 4078 1040 4118 nee
1057 4058 1131 4138 quid
1150 4059 1215 4140 ipse
1232 4059 1373 4118 decenter

284 4149 482 4229 respondeat,
502 4146 639 4208 advertit.
684 4147 792 4207 Verius
809 4166 844 4204 ac
859 4143 1041 4225 prudentius
1061 4144 1195 4206 dixisset.
1241 4146 1373 4206 Tertium

286 4233 390 4311 (prout
409 4254 475 4313 pag.
493 4240 544 4300 62.
562 4229 616 4312 Δ.)
638 4252 698 4291 non
718 4241 865 4312 quartum
890 4228 1024 4292 decimae
1039 4233 1184 4309 septimae
1202 4230 1373 4302 Dynuatiae

287 4319 437 4377 meretina
452 4321 609 4379 constituit
629 4315 820 4397 Aplroplsim,
843 4313 987 4375 Arelatem
1009 4327 1112 4375 autem
1131 4325 1296 4394 quartum,
1318 4308 1371 4366 rub

286 4424 347 4481 φιν
366 4404 521 4484 ίονεγιίιυντ
543 4403 675 4485 Aegypto
689 4405 882 4484 praefectum
899 4404 1001 4481 fuisse
1025 4399 1119 4471 dicis,
1138 4418 1199 4458 non
1221 4408 1256 4454 ut
1278 4393 1370 4455 Geor·
