3109 4959
630 430 883 499 emeseno.
1253 423 1300 495 or
1343 504 1346 510 ,

217 594 419 668 enumerarit,
438 575 582 650 et'eorum
598 600 732 668 temporo
750 599 778 647 et
798 610 895 648 cunas
914 592 1032 669 egregio
1049 586 1153 646 ordine
1170 587 1305 669 digessit.

218 679 310 735 Enim
321 696 386 734 suro
405 696 475 734 cum
494 678 576 734 vitae
591 678 714 733 termine
731 685 926 753 praereptus,
950 674 994 732 ud
1007 676 1199 752 propositum
1208 676 1305 752 strum

220 781 279 819 nou
292 762 429 838 potuerit
449 782 527 840 opius
546 764 695 839 inceptum
708 757 886 838 perducere,
906 756 975 834 ssd,
998 770 1031 817 ut
1045 761 1305 836 praemonuimus,
1381 809 1387 830 ,

217 847 339 923 scriptis
360 844 549 905 solinuutodo
570 866 647 925 quoe
661 844 848 903 Diocletiani
866 846 1022 923 attingunt
1045 852 1188 915 oetatem,
1209 847 1306 902 eitam

217 930 297 987 berec
310 930 468 988 mortalem
487 928 633 1004 (teremit,
655 940 682 987 et
701 950 769 987 cum
784 941 865 987 rectu
878 927 946 1006 fide
964 927 1009 987 od
1023 930 1190 987 Donumem
1202 930 1307 1006 prose·-

217 1026 304 1087 ctus,
336 1015 422 1072 uobis
442 1014 525 1073 velut
548 1013 759 1073 sincerioribus
780 1016 907 1090 euticis,
938 1010 1022 1092 quod
1035 1015 1147 1090 fteerut
1171 1014 1306 1088 molitus,

217 1120 294 1177 aprus
306 1100 512 1177 imperfectum
526 1100 622 1157 siruul
634 1100 770 1177 reliquit,
793 1108 823 1156 et
843 1109 894 1171 ut,
917 1120 996 1177 quae
1011 1096 1234 1175 desiderantur,
1254 1098 1307 1155 ab.

218 1184 397 1241 solveremus
419 1184 559 1262 praebuit
589 1194 813 1263 argumentum.
871 1185 916 1242 An
949 1182 1069 1242 Eusebii
1100 1181 1307 1241 tantummodo

218 1268 402 1345 exscriptor,
435 1288 474 1326 an
499 1288 559 1327 nen
590 1269 691 1349 potius
718 1288 874 1346 germanus
897 1264 1156 1345 Ghronographiae
1179 1266 1309 1346 scriptor

219 1352 363 1429 Georgius
386 1353 559 1431 syncellus,
589 1354 639 1431 qui
660 1352 744 1433 quasi
767 1374 805 1412 ex
828 1353 918 1412 ultore
938 1362 1034 1429 segete
1058 1371 1150 1409 messe
1172 1352 1307 1427 collecta,

219 1449 281 1496 non
298 1456 336 1495 ex
353 1456 413 1495 uno
437 1439 486 1497 vel
508 1433 672 1513 nonnullis,
690 1438 741 1497 sed
754 1458 791 1497 ex
806 1448 962 1497 auctorum
979 1436 1098 1517 copioso
1113 1455 1245 1512 numero,
1268 1434 1310 1510 air

220 1514 320 1595 οὐδεὶς
334 1518 478 1595 ἄλλος
437 1546 496 1584 των
510 1519 568 1603 apd
586 1516 698 1599 edroi,
721 1522 875 1603 proprium
892 1520 1015 1599 leioyrie
1035 1522 1172 1580 volurnen
1187 1539 1308 1600 compa

220 1604 301 1664 suit'l
323 1606 409 1665 Gerte
420 1607 490 1685 styli
509 1607 682 1676 diversitas,
704 1628 765 1667 non
777 1608 903 1687 simplex
918 1604 1140 1685 compositionis
1154 1604 1238 1680 ordo,
1253 1624 1310 1664 va·

219 1690 294 1750 rista
310 1710 430 1769 quoque
442 1692 624 1771 frequentius
639 1692 779 1773 temporis
794 1692 970 1751 numerandi
987 1691 1078 1762 ratio,
1101 1698 1236 1747 auctores
1258 1709 1309 1768 pa-

220 1774 293 1835 riter
314 1775 464 1850 diversos,
486 1794 547 1833 non
568 1796 663 1835 unum
680 1776 798 1834 Eusebii
817 1774 953 1833 nranibus
973 1784 1122 1833 versatum
1142 1772 1234 1851 opus,
1256 1770 1309 1831 sed

219 1858 332 1917 variata
359 1823 538 1937 scriptbrum
561 1869 770 1935 monumenta,
800 1880 875 1937 qnae
895 1858 950 1916 sibi
970 1858 1141 1917 adiumento
1165 1856 1311 1933 Georgius

220 1942 363 2016 adscivit,
387 1944 485 2022 pelam
507 1952 650 2022 arguunt;
673 1944 745 2003 adeo
761 1954 795 2003 ut
818 1964 879 2001 non
899 1942 941 2000 its
957 1963 1083 2001 concors
1099 1951 1128 1999 et
1142 1941 1198 1999 sibi
1214 1903 1311 2000 siririle

221 2047 274 2107 per
290 2036 464 2087 contextum
484 2049 601 2088 omnem
616 2049 678 2088 sese
696 2030 804 2087 reserat
825 2028 943 2087 Eusebii
966 2027 1151 2100 Clrronicon,
1173 2045 1260 2101 quam
1277 2026 1310 2084 in

221 2112 405 2190 proferendis
420 2111 567 2193 prioribus
581 2112 774 2189 Genetrchis,
798 2111 913 2171 diluvio
928 2111 1140 2185 describendo,
1162 2111 1242 2168 Nais
1258 2130 1311 2190 po·

223 2195 354 2255 steritate
375 2198 570 2272 recensenda,
590 2198 640 2257 vel
666 2198 819 2257 israelitici
843 2196 949 2277 populi
970 2196 1000 2254 in
1025 2198 1158 2273 Aegypto
1179 2194 1234 2252 sub
1258 2194 1311 2253 iu-

223 2278 357 2354 dicibus,
392 2282 447 2339 sub
479 2282 605 2359 Regibus
637 2283 791 2343 tractanda
819 2281 965 2356 Historia,
1000 2280 1166 2339 Gentilium
1194 2297 1311 2357 quoque

225 2362 373 2436 onmium,
416 2364 698 2443 Asssnronaeorum,
736 2368 937 2425 Romanorum
973 2361 1147 2424 ordinandis
1179 2361 1309 2442 imperiis

224 2446 369 2523 Georgius
390 2447 537 2506 scribendi
559 2470 663 2525 genere
686 2452 872 2529 discerpens,
895 2460 924 2508 et
951 2471 967 2507 a
993 2470 1054 2507 sese
1073 2447 1312 2527 deprehendatur

225 2533 349 2589 alicnus.
392 2532 463 2588 Eam
477 2534 514 2591 ob
529 2551 592 2590 rem
609 2534 756 2611 ingentem
773 2536 843 2593 licet
858 2534 1016 2591 Eusebisni
1031 2532 1171 2591 Chronici
1190 2542 1312 2608 partem,

225 2636 287 2675 non
307 2626 404 2672 totum
425 2637 502 2694 opem
518 2618 644 2675 Eiesebii
664 2616 788 2675 totidem
808 2617 921 2691 verbis,
943 2628 977 2675 ut
998 2616 1102 2676 lectori
1123 2616 1253 2693 Scaliger
1267 2612 1312 2693 Π)

216 2699 367 2779 imponit,
390 2700 421 2756 in
443 2721 496 2760 sua
507 2700 658 2773 *Chronica
672 2702 831 2780 Georgium
845 2700 1037 2760 transfudisse
1055 2719 1115 2758 trois
1133 2700 1244 2760 invitus
1266 2699 1318 2757 la-

225 2794 301 2858 tear;
330 2785 475 2861 integram
498 2793 596 2843 tamen
620 2787 741 2864 Georgii
760 2786 922 2845 lliston'am
944 2786 1068 2862 Eusebio
1087 2784 1312 2859 refundendam,

224 2868 365 2950 Scaligeri
376 2879 517 2949 excerpta
525 2870 652 2929 Eusebio
667 2890 797 2949 quaeque
812 2869 1007 2944 inscribenda,
1022 2880 1097 2929 etex
1109 2869 1226 2948 Georgii
1238 2867 1313 2928 scri-

224 2956 285 3033 ptis
294 2953 450 3012 Eusebium
461 2974 545 3032 posse
556 2955 726 3015 redivivum
741 2955 877 3030 excitari,
895 2975 950 3013 nec
964 2954 1248 3034 prebebitScaliger,
1258 2972 1313 3011 nee

226 3038 347 3097 credent
361 3038 479 3097 eruditi.
512 3040 570 3099 Sed
583 3060 638 3099 nec
654 3050 773 3100 centum
794 3039 980 3120 expertibus
997 3038 1167 3098 mutilatum
1185 3036 1314 3111 Eusebii,

226 3122 313 3201 quale
325 3131 431 3197 exstat,
446 3122 623 3201 Ginonicon,
639 3126 711 3184 adeo
726 3133 760 3184 ut
773 3147 827 3184 uec
841 3128 1000 3183 centesima
1012 3126 1078 3181 eius
1088 3126 1220 3201 supersit
1225 3143 1310 3202 pers,

226 3226 283 3267 nec
305 3204 421 3264 crudeli
440 3228 545 3285 genere
564 3208 731 3267 laceratam
746 3210 870 3270 Gedreni
885 3209 1083 3268 ilistoriarum
1097 3208 1260 3286 synopsin,
1283 3214 1313 3266 et

227 3291 437 3369 carne'fieinom
452 3290 653 3351 breviatorem
665 3312 795 3372 passam,
816 3314 911 3373 neque
924 3293 1058 3369 Georgii,
1080 3312 1167 3369 quern
1180 3291 1314 3351 manibus

224 3385 370 3450 tenemus,
383 3384 498 3435 textam
511 3376 554 3434 sic
570 3379 720 3455 mutilum,
738 3386 773 3435 ut
793 3398 830 3436 ex
845 3398 879 3437 eo
902 3378 987 3456 pluis
1005 3376 1210 3437 desiderentur
1224 3395 1314 3456 quam

225 3461 387 3543 supersint,
400 3480 463 3519 nen
472 3461 637 3541 respuenda
647 3462 904 3521 demonstratione
907 3461 1036 3539 Scaliger
1049 3460 1219 3523 declarabit.
1240 3459 1313 3520 Sci-

224 3544 298 3605 licet
312 3554 382 3605 sate
400 3544 532 3626 positum
544 3545 579 3603 ab
595 3546 718 3608 Eusebio
734 3545 869 3606 Abrabae
887 3548 1014 3605 natalem
1027 3565 1155 3621 annum,
1176 3544 1314 3625 quemvis

204 3654 206 3659 ⁸
225 3630 258 3688 in
272 3629 334 3689 eius
347 3627 497 3689 Gluonicc
507 3630 634 3707 Caulone,
643 3652 718 3711 quae
732 3630 1015 3691 dchnearcbarum
1029 3630 1092 3690 Noe
1106 3631 1313 3727 posteriorum,

227 3723 259 3774 st
278 3713 406 3794 Aegypti
423 3714 572 3795 Dynastiis
592 3736 630 3776 ex
652 3737 687 3776 eo
701 3718 859 3797 syncellus
874 3725 976 3776 noster
994 3716 1182 3776 transscribit
1196 3711 1285 3799 18),’
1275 3712 1315 3771 ris

228 3800 280 3876 qui
296 3808 456 3880 supersunt
464 3800 622 3860 codicibus
636 3801 804 3862 nullatenus
817 3809 996 3876 occurrunt,
1018 3800 1120 3881 ecquis
1133 3810 1232 3860 taurea
1246 3797 1314 3857 idco

229 3891 349 3943 centum
374 3884 513 3965 partibus
537 3885 693 3945 Eusebium
715 3896 905 3961 truncatum,
935 3906 989 3945 nec
1007 3886 1065 3945 nisi
1083 3886 1164 3944 velut
1182 3880 1315 3941 excussis

228 3968 319 4026 ruinis
335 3968 538 4029 tenuissimum
559 3970 707 4052 stipitem,
728 3972 768 4031 ite
782 3971 904 4032 resectis
925 3970 1043 4030 Eusebii
1059 3975 1316 4029 moriumentorutn

229 4052 463 4129 venustioribus,
494 4055 592 4113 uteie
619 4056 732 4132 dicam,
754 4056 902 4137 partibus,
924 4054 1045 4114 horrida
1073 4062 1204 4125 tarnum,
1226 4050 1315 4126 nuda,

229 4143 260 4193 et
276 4136 491 4214 squallentia
466 4158 529 4197 etus
545 4159 611 4199 ossa
625 4141 728 4199 relicta
743 4140 854 4201 nobis
846 4138 1061 4200 affirrneven't‘l
1086 4136 1272 4213 Assyriorum
1285 4145 1317 4195 et

228 4218 470 4300 sycioniorum
462 4224 578 4303 imperii
606 4226 749 4303 exordia,
776 4225 991 4306 Aegyptiorum
1014 4220 1170 4301 llynastias
1193 4220 1313 4302 pristas,

263 4403 311 4469 rt)
329 4402 501 4457 Animadvers.
514 4404 539 4458 in
554 4406 649 4462 naen.
665 4423 726 4478 pag.
742 4405 803 4461 ttt.
875 4406 922 4473 ts)
942 4406 1006 4472 Peg.
1019 4404 1055 4460 55
1066 4407 1095 4457 et
1106 4420 1179 4475 seqq.
