3109 4959
555 422 616 488 ET
636 412 990 491 mnornrlonsss.
1248 410 1324 489 503

233 582 305 644 δων.
345 580 404 640 Ee
421 577 565 638 Phidalia
582 580 668 637 Iocus
685 579 874 661 Megaridr's,
896 593 925 641 et
945 591 980 640 ιιι
1000 580 1059 639 alie·
1072 580 1180 640 volunt
1197 577 1325 642 Attices.

232 668 289 725 Eat
301 685 420 743 quoqne
433 664 577 723 Plribalie
582 666 707 741 steiana
717 688 816 743 genus
823 714 832 744 ‚
855 668 939 749 quod
951 670 1112 726 exsiccetur
1125 664 1275 730 idoneum.

313 758 479 849 'Er‘l'os‘pp
502 766 644 845 Κλαρίου
663 759 767 846 dyeia]
799 762 895 849 Ἀγοδν
919 762 1127 846 ἕκατονταεεὴς
1149 768 1326 847 celebratus,

230 849 364 909 dictione
391 851 549 931 Κλαρέιον,
578 851 644 908 vice
673 855 899 934 Σεκονλαρίων,
934 875 990 935 per
1018 872 1172 934 apocopen
1193 860 1325 932 sumpta,

230 935 402 995 Saeculares
428 934 514 994 ludos
542 932 751 1013 concipiendos
780 949 891 999 monet.
941 941 1008 1002 Vox
1036 937 1178 1019 Κλαρίοιν
1200 937 1325 998 barbara

231 1018 352 1079 Graccis
372 1021 466 1095 iactu,
485 1021 579 1077 inulto
601 1018 757 1081 barbarior
772 1024 905 1099 Latinis,
926 1022 1012 1104 quasi
1030 1021 1226 1087 deformitatis
1246 1020 1326 1081 adie-

232 1114 282 1163 cto
305 1106 444 1177 foenore,
467 1104 583 1162 reddita
603 1103 702 1163 iubis
726 1107 847 1167 Eusebii
867 1110 966 1168 latini
985 1107 1023 1166 ad
1043 1107 1252 1185 Olympiadem
1272 1108 1325 1170 81.

230 1190 349 1248 Itomae
376 1190 497 1249 Glorior
523 1210 605 1267 agon
632 1197 821 1249 centenarius
841 1197 965 1270 prienes
985 1202 1083 1249 actua.
1129 1188 1187 1267 Td,
1207 1192 1327 1267 πρῶτος

230 1274 362 1351 Scaliger
382 1294 446 1352 pag.
468 1282 567 1331 textus
589 1273 641 1337 43·
662 1274 876 1355 dissirnulavit,
903 1278 1040 1339 redditur
1059 1284 1161 1335 tamen
1181 1274 1325 1335 aliine-

230 1378 321 1438 nymo
336 1358 368 1416 iu
384 1357 487 1416 Latina
505 1358 650 1419 versione.

314 1456 349 1520 ‘0
368 1463 423 1539 τῆς
433 1454 532 1541 Ἥρας
552 1456 623 1533 ναός
645 1454 813 1541 ἐπρήσθη]
834 1460 979 1522 Eusebius
993 1461 1126 1523 Latinus.
1174 1457 1326 1538 dimplens

231 1544 358 1607 Iunonia
376 1542 459 1623 quod
470 1546 703 1625 Argissurrut‚
722 1549 887 1611 incensum,

312 1646 380 1722 Peg·
402 1646 473 1711 248.
499 1644 632 1720 Μέλισος
647 1643 774 1725 eversis
789 1644 981 1729 δγνωρδζετο]
1002 1645 1072 1706 Vox
1094 1651 1237 1725 corrupta
1256 1645 1326 1703 Μι·

230 1724 333 1812 λη’σιος
348 1729 384 1787 ob
399 1726 458 1788 hoc
476 1741 622 1790 commate
640 1732 835 1791 describendo
855 1733 1036 1810 Scaligerum
1059 1730 1214 1789 deterruit.
1247 1726 1326 1784 Cor-

229 1816 310 1875 rexit
323 1813 468 1873 Eusebius
483 1816 520 1874 ad
536 1816 743 1895 Olympiadem
759 1818 811 1881 84.
826 1816 967 1876 scribens.
1008 1815 1151 1875 Melissus
1171 1812 1323 1889 Plsysr'cus

229 1903 429 1979 egreoees'trsr:
449 1900 537 1958 aliam
561 1922 678 1979 quoque
696 1920 804 1963 vocem
824 1905 959 1963 Καλποῖν
980 1899 1013 1959 in
1037 1902 1215 1979 Καμπανῶν
1236 1894 1325 1955 reali·

229 1986 371 2043 tuendam
390 1994 491 2044 monet
509 1984 555 2043 his
577 1985 719 2045 verbius·
731 1988 812 2045 Gens·
834 1987 1061 2064 Crerrspanorum
1077 1988 1112 2040 in
1133 1981 1229 2040 Italia
1250 1998 1325 2036 cors-

227 2072 348 2128 stituta.
373 2068 468 2128 Habet
484 2090 603 2148 quoque
619 2069 789 2128 Chronicon
803 2071 948 2129 Alexand.
964 2065 1132 2147 Olympiad.
1146 2069 1215 2131 102.
1238 2067 1325 2143 Kep-

227 2156 334 2215 rtovair
346 2150 439 2225 έθνος
453 2151 487 2215 έν
500 2148 603 2236 Ἰταλίγ
613 2152 748 2231 συνέστη.

311 2233 437 2312 Ῥοῦφος
449 2231 606 2316 Λοὶργιος.]
628 2238 670 2294 lle
685 2256 744 2314 quo
758 2238 907 2296 Pontacus
921 2232 1038 2294 abunde
1052 2232 1085 2293 in
1102 2231 1196 2292 Notis.

312 2317 491 2397 Πανίασος.]
514 2322 558 2378 lta
578 2320 696 2379 restitui
716 2340 755 2381 ex
773 2321 838 2381 eius
857 2318 1123 2382 observationibus.
1164 2313 1325 2395 Panyasim

228 2402 332 2465 scribit
347 2403 492 2462 Eusebius
507 2404 640 2466 Lalinus.

311 2482 443 2567 Ἰοακεῖρ
462 2484 530 2563 eide
540 2482 655 2569 Ἰησοῦς
670 2482 830 2572 δεύτερος]
851 2488 900 2551 td
912 2508 1012 2550 rerum
1027 2484 1250 2568 prophanorum
1262 2483 1323 2542 cal·

229 2592 303 2648 cem,
321 2573 405 2631 nulla
419 2573 600 2634 discriminis
615 2585 687 2635 nota
703 2577 840 2659 apposita
854 2574 981 2636 coniecit
995 2573 1068 2631 baec
1078 2570 1210 2648 Scaliger
1221 2575 1325 2628 textus

229 2678 296 2738 pag·
310 2659 571 2813 {icimurdtnaroc
589 2736 651 2803 οἷττδ
668 2735 809 2821 Ἀαρών]
830 2740 934 2799 Plures
954 2735 1155 2798 numerandos
1170 2754 1226 2817 per
1240 2732 1323 2793 mille

229 2824 373 2885 ducentos
392 2832 421 2880 et
440 2824 566 2901 arreptius
588 2844 682 2883 annos
704 2845 792 2902 quam
808 2823 1019 2903 septemdecim
1033 2821 1192 2882 Pontifices
1208 2818 1322 2878 brevis·

227 2908 300 2967 sima
315 2907 456 2985 cuiusque
478 2906 607 2967 bominis
626 2908 690 2968 vila
708 2909 871 2989 compellit.
915 2906 1068 2967 Lalercula
1086 2904 1220 2965 omnium
1236 2905 1323 2962 iuxta

227 2992 412 3071 Scriptorum
423 2991 623 3051 Hebraeorum
640 2993 822 3053 chronicum
836 3004 865 3053 et
877 2992 1035 3072 losepbum
1052 2990 1171 3051 exbibet
1185 2987 1324 3049 Petsvius

227 3077 279 3136 lib.
297 3080 347 3141 10.
364 3076 400 3134 de
414 3077 500 3137 Dect.
521 3078 624 3157 Temp.
645 3100 663 3137 a
684 3099 749 3160 cap.
772 3080 823 3145 47.
844 3078 883 3138 ad
906 3081 958 3146 57.
980 3076 1201 3138 successionem
1215 3090 1322 3134 rursus

228 3161 267 3222 ad
287 3161 398 3220 calcem
410 3162 508 3241 operis
528 3163 742 3243 apertissimam
757 3165 810 3226 l'ol.
824 3168 898 3230 368.

311 3264 379 3342 Pssg·
401 3263 473 3331 249·
497 3266 635 3352 Εἰκοστῷ
656 3265 713 3328 έτέι
726 3259 942 3347 Ἀρταξέρξου]
970 3262 1064 3323 Aliter
1081 3258 1221 3321 redditur
1240 3253 1322 3336 apud

229 3348 421 3427 Scaligerum.
443 3350 568 3435 εἰκοστῷ
579 3350 635 3411 ἔτει
651 3343 837 3430 Ἀρταξέρξου
853 3353 909 3410 τοῦ
930 3343 1136 3429 Ματρόγειρος
1152 3337 1322 3424 ἀρξαμένου

228 3437 285 3496 τοῦ
300 3434 404 3515 ἔργον,
425 3433 476 3495 sel
490 3431 697 3507 τελειωθέντας
711 3430 786 3495 uerri
805 3427 839 3494 τδ
855 3426 912 3513 λβ.
935 3430 1019 3507 ἔτος,
1041 3430 1084 3505 οἷς
1103 3431 1218 3511 ἱστορεῖ
1226 3424 1249 3507 η’
1265 3427 1323 3488 τοῦ

218 3514 334 3599 Ἔσδρα
348 3514 453 3600 γραφή
461 3536 468 3553 ·
490 3517 554 3581 ἐπεὶ
567 3510 799 3599 οἷρχιεροῖτενσεν
814 3516 863 3598 έτη
885 3558 1140 3577 .........
1182 3506 1273 3574 Mat
1289 3504 1323 3571 di

225 3596 368 3751 Ἰειοὶνν4ην
388 3600 405 3665 ὁ
424 3598 499 3665 κατα
518 3597 712 3686 Ἀλέξανδρον
740 3595 899 3687 γενόμενος
922 3596 1050 3684 ὕστερον
1074 3597 1126 3662 sir
1149 3590 1322 3660 Μακεδόνα.

226 3706 294 3765 res·
337 3690 366 3752 3·

308 3780 406 3848 Ἰωδαέ
422 3786 493 3849 olori
503 3779 661 3867 Ἐλιασίβ]
679 3787 856 3847 Pontificum
868 3786 995 3847 istorum
1009 3786 1176 3865 catalogum
1188 3779 1322 3842 Neemiae

226 3867 347 3945 digetsil
369 3892 434 3951 cap.
458 3876 507 3936 12.
530 3871 582 3933 καὶ
604 3866 716 3952 Ἰησοῦς
736 3873 875 3953 ἐγέννησε
896 3870 950 3935 adr
970 3866 1101 3950 Ἰωακὶρ,
1126 3868 1179 3931 καὶ
1195 3861 1322 3946 lessies,

227 3952 365 4035 ἐγέννησε
377 3953 431 4016 τδν
441 3949 574 4036 Ἐλιασδβ
582 3973 589 3990 ·
611 3952 801 4037 καδἘλιασὶβ
814 3955 864 4020 adv
875 3950 986 4019 Ἶωδαέ·
1008 3950 1168 4018 καὶἸωδαέ
1182 3949 1322 4034 ἐγέννησε

228 4033 281 4099 air
293 4032 454 4099 Ἰωνάδαν·
477 4040 530 4102 καὶ
544 4034 690 4104 Ἰωνάθου
704 4041 844 4124 ἐγέννησε
857 4037 912 4103 τδν
927 4035 1067 4114 Ἰαδδοῦς.
1108 4041 1151 4097 Et
1171 4035 1256 4097 Iesus
1270 4055 1323 4115 gs·

230 4125 297 4182 nuit
314 4122 447 4179 leae-im:
470 4136 496 4181 et
510 4126 625 4184 Ioacim
636 4129 744 4206 genuit
760 4125 899 4185 Elicsa‘b:
921 4136 949 4183 et
965 4124 1087 4186 Eltastb
1105 4127 1214 4203 genuit
1229 4118 1324 4181 ledae

231 4207 281 4267 alii
297 4206 499 4285 pronunciant
517 4209 662 4288 loiadarn,
685 4210 827 4293 Iosephus
842 4210 895 4276 lib.
912 4216 961 4277 11.
976 4213 1048 4270 ene
1063 4230 1129 4288 cap.
1146 4214 1177 4274 7.
1193 4200 1323 4282 Iudam.)

231 4296 273 4353 Et
295 4289 385 4351 ledae
396 4294 504 4369 garriret
530 4294 692 4355 Iorsetbam
716 4296 869 4378 (loannem
889 4315 959 4355 cuns
977 4294 1068 4355 citato
1090 4290 1216 4371 losepbo
1234 4300 1324 4351 vocat

231 4374 358 4458 bulbor)
380 4387 408 4434 et
430 4378 592 4437 Iorsetlsem
610 4384 720 4460 genuit
737 4380 872 4456 laddus,
894 4381 945 4459 qui
964 4378 1165 4440 Alexandrum
1183 4374 1323 4438 Macedo-
