3109 4959
238 407 314 483 854
623 414 971 484 EMENDATIONES

238 568 369 654 τήκοντα
382 574 434 646 εξ,
454 566 544 634 κοὶ”
521 592 616 652 ημισν
631 571 684 634 και
696 571 810 652 ημέρος
825 567 911 648 δίκα,
934 573 982 632 vel
1000 571 1113 635 ἕνδεκα.
1135 569 1195 650 boc
1211 571 1343 651 quidem,

240 683 265 719 ει
282 684 336 722 ιω
352 679 383 715 m
400 682 447 718 ια
463 668 645 716 commutes.
670 655 791 719 ittudr'.
784 652 893 737 .'p.1d
909 668 969 733 est
987 653 1016 720 ι’.
1037 679 1152 757 ημερας
1165 677 1344 718 ceuscasrc

240 744 422 843 ponendum.
451 743 582 819 Scaliger
597 743 754 822 exscripsit
769 763 837 821 pag
855 742 915 807 7.‘'
877 767 1017 820 senar
1011 767 1089 802 .εω.

328 823 478 906 Aporee
462 851 510 904 eru
527 822 568 905 μ’.
585 825 637 888 καί
654 823 770 906 appion]
795 827 924 886 [xbibit
935 829 1006 887 MS
1001 826 1136 902 Regium
1152 818 1297 904 ἐτημ
1248 849 1347 903 ημι-

242 932 291 976 σν.
323 912 431 971 Reddit
445 913 541 971 Scalr
524 933 576 991 ger
591 907 700 994 ἕτοιμ’.
738 912 905 972 Medietetis
920 923 1021 972 notam
1036 911 1117 970 banc
1133 927 1179 976 υ
1200 929 1261 969 esse
1280 910 1346 968 dis·

242 997 406 1057 simulavit.

326 1077 531 1160 Ἐβασίλευσεν
547 1076 664 1160 Ὄσιρις
676 1079 727 1143 καί
741 1078 839 1160 ”latest
863 1079 958 1140 Osiris
973 1079 1128 1162 Typhonis
1143 1080 1236 1138 frater
1254 1077 1291 1136 ab
1311 1097 1346 1136 eo

243 1167 305 1226 vita
317 1187 467 1244 regnoque
480 1166 614 1244 privatus
629 1187 666 1224 ex
681 1167 810 1225 Eusebio
827 1165 880 1226 lib.
895 1173 924 1231 2.
941 1167 979 1224 de
990 1167 1095 1246 l'raep.
1112 1163 1224 1239 Evang.
1239 1184 1304 1241 cap.
1319 1169 1348 1228 1.

157 1286 159 1290 ·
242 1254 383 1322 ineunte,
406 1263 485 1309 etex
498 1253 622 1328 Syuesio
638 1251 688 1309 lib.
707 1258 735 1316 1.
751 1253 788 1311 de
808 1251 998 1310 Providentia
1018 1252 1072 1310 sub
1091 1249 1211 1306 initium
1229 1249 1349 1306 uultum

244 1337 348 1394 babuit
369 1338 449 1394 iuter
468 1356 499 1394 se
518 1339 699 1414 fratremque
717 1336 894 1415 Aegyptiaci
913 1337 995 1412 regni
1010 1355 1230 1408 successorem,
1254 1352 1350 1411 quare

243 1421 396 1498 Anonymi
418 1421 503 1479 istius
518 1442 613 1479 auuos
630 1422 715 1480 Isidis
730 1443 822 1500 reguo
845 1431 912 1500 post
934 1421 992 1480 viri
1009 1431 1133 1479 mortem
1153 1439 1216 1476 nou
1234 1417 1351 1496 impru-

244 1506 351 1564 denter
372 1507 582 1582 assignavero,
603 1508 650 1564 vel
672 1517 742 1586 post
764 1510 924 1565 Saturnum
946 1526 1043 1584 regem
1067 1513 1224 1582 quartum,
1246 1502 1351 1560 Iovem

245 1591 402 1668 quintum,
424 1599 542 1648 sextum
559 1590 685 1666 Osirim,
708 1601 737 1650 et
751 1591 871 1649 tandem
887 1592 1044 1670 septimum
1057 1587 1233 1668 Typhonem
1252 1587 1351 1644 cotto-

246 1695 315 1732 carc
337 1695 397 1731 non
418 1675 605 1734 dubitavero.
649 1677 675 1732 ls
698 1686 741 1733 est
763 1675 842 1732 enim
855 1677 978 1733 illorum
997 1677 1071 1732 ordo
1087 1677 1123 1730 ab
1138 1672 1266 1732 Eusebio
1281 1673 1352 1729 luco

246 1760 339 1816 citato
360 1758 486 1816 relatus:
517 1770 546 1815 ct
563 1759 698 1834 quamvis
720 1761 840 1836 tupiter·
856 1770 1039 1818 memoretur
1052 1759 1131 1816 int'ra
1147 1759 1216 1816 sede
1235 1757 1352 1814 decima

245 1854 346 1917 sexta,
368 1844 414 1900 nil
435 1852 534 1900 tamen
555 1836 697 1920 impedit,
721 1845 794 1922 quin
813 1843 894 1902 bunc
913 1845 1084 1918 diversum,
1107 1853 1136 1900 et
1159 1852 1193 1900 ut
1208 1852 1353 1921 tempore,

244 1928 288 1985 ita
311 1936 473 2008 potestate,
500 1929 657 2003 dignitate,
686 1927 852 1987 bonoribus
875 1929 1016 1988 maiorem
1047 1930 1244 2004 aestimemus.
1286 1928 1352 2003 Ty-

245 2012 377 2091 pirenem
395 2031 512 2089 quoque
531 2015 658 2072 Deorum
672 2017 806 2089 catalogo
819 2035 983 2112 expungo,
1005 2034 1092 2090 quem
1110 2023 1213 2069 tenent
1230 2015 1352 2090 Aegyp-

246 2097 284 2155 tii
306 2097 583 2155 sceleratissimum:
610 2099 749 2154 mendose
774 2099 887 2176 quippe
904 2099 1026 2176 scripsit
1045 2099 1194 2155 Librarius
1210 2096 1279 2194 napi
1297 2099 1353 2156 dn·

247 2201 395 2243 ναστειων
408 2204 455 2251 ις
448 2205 538 2259 sprot
553 2185 637 2241 Θεων
649 2180 870 2259 τωνμηᾶεττοτε
884 2205 1048 2261 γεγονοτων
1064 2178 1093 2254 ζ.
1111 2173 1226 2252 vieet'.
1237 2199 1353 2258 repono

249 2260 424 2336 5'.Autbor
447 2268 525 2324 enim
540 2265 628 2322 babet
646 2267 770 2324 inferius
790 2267 955 2324 emendate.
972 2287 1003 2368 p.
1022 2273 1071 2329 41.
1087 2264 1169 2326 u.
1134 2290 1186 2338 τος
1201 2263 1354 2363 prestetur

249 2354 310 2412 τῶν
326 2346 401 2428 παρ’
420 2347 523 2422 αὐτοῖς
537 2345 780 2427 βασιλευσάντων
794 2356 877 2410 θεῶν
892 2356 1003 2432 γενεῶν
1020 2345 1055 2420 ς’.
1070 2350 1102 2412 ἓν
1118 2344 1354 2422 ὁυνοστείαιςξ.

336 2436 510 2513 Αἰγυπτίων
526 2461 559 2504 ς
540 2429 789 2514 ἐβασίλευσεν]
813 2433 883 2493 Eius
900 2456 1007 2494 nornen
1022 2445 1052 2492 et
1066 2457 1160 2493 annos
1174 2437 1204 2493 in
1217 2435 1315 2493 Excer
1318 2457 1355 2512 p·

248 2519 291 2578 tis
315 2519 429 2577 Latinis
450 2520 590 2594 Scaligeri
620 2521 738 2598 reperio
763 2540 830 2598 pag.
854 2527 905 2584 60.
930 2523 1007 2578 inter
1037 2523 1126 2578 verba
1151 2520 1232 2582 hsce.
1276 2524 1352 2577 Post

195 2673 198 2677 ²
249 2605 333 2662 hunc
348 2605 448 2661 Solem
465 2606 553 2679 [sesti
571 2603 637 2682 (rori
650 2601 828 2686 Ἡφαίστου)
852 2627 903 2666 an.
919 2612 969 2670 77.
1006 2608 1082 2662 Post
1099 2610 1194 2662 istum
1210 2607 1353 2662 Osinosi-

247 2693 308 2746 τίνι
325 2711 374 2746 nn.
391 2691 464 2754 420.
506 2691 581 2746 Pon
598 2689 680 2746 hunc
696 2691 779 2747 Oron
793 2691 1011 2748 Ptolinrchum
1026 2696 1142 2755 ‹ru-28.
1179 2694 1253 2747 Post
1269 2691 1353 2746 berne

165 2783 199 2838 V.
216 2783 234 2835 9
256 2775 400 2852 Typhona
419 2776 508 2832 aunis
528 2775 579 2838 45.
609 2774 743 2834 Observa
763 2778 846 2832 Oron
869 2775 1075 2834 Ptoiiarcbum‘
1095 2777 1171 2834 inter
1191 2775 1302 2832 Osirim
1322 2784 1354 2832 et

248 2858 426 2937 Typhonem
450 2859 599 2918 recenseri
621 2862 770 2918 medium:
802 2859 869 2933 Qua
890 2863 1006 2919 ratione
1029 2881 1176 2918 annorum
1194 2879 1354 2919 numerum

250 2947 363 3003 Graeca
377 2953 406 3001 et
423 2944 526 3002 Latina
546 2956 688 3024 excerpta
704 2947 856 3005 diversum
869 2946 1016 3017 reddant,
1037 2947 1215 3023 investigare
1232 2957 1295 3002 non
1309 2953 1355 3003 est

248 3028 340 3088 buius
359 3028 427 3088 ioci.

340 3119 394 3196 Τῷ
406 3107 492 3198 «pff
514 3112 635 3175 ίτειτου
624 3106 789 3194 stirpen]
812 3115 973 3174 Emendate
992 3115 1081 3175 lectio
1098 3103 1202 3196 oppd-

334 3198 402 3275 Ρθε·
418 3206 470 3264 20.
483 3195 708 3278 ‘Turpssnv'n
677 3222 732 3259 τον
746 3201 989 3279 κοτακλυσμείν”
971 3226 1021 3280 erp
1038 3195 1075 3260 rd'
1077 3198 1097 3278 .]
1116 3203 1200 3255 Anno
1215 3218 1232 3255 a
1247 3197 1356 3256 mundi

250 3282 375 3342 conditu
387 3289 477 3348 1287
489 3283 965 3360 Mattiusatanatumststuunt70
990 3283 1355 3364 interpretes,exmdeque

250 3388 345 3426 anuos
359 3374 431 3433 969.
446 3369 635 3448 superstitem
654 3369 692 3427 ad
709 3391 820 3428 annum
839 3372 945 3427 mundi
963 3375 1054 3436 2256.
1075 3369 1181 3445 egisse:
1203 3369 1354 3426 diluvium

250 3454 367 3530 itaque,
403 3455 485 3529 quod
510 3476 546 3512 ex
573 3474 675 3512 eorum
699 3455 823 3512 calculis
845 3475 924 3512 nnno
947 3457 1041 3520 2242.
1064 3455 1210 3512 mundum
1232 3453 1354 3527 delevit,

250 3539 337 3596 anuis
366 3538 594 3616 quatuordecim
629 3541 791 3615 superavit.
843 3540 1010 3597 Absurdum
1040 3559 1111 3596 sane
1142 3548 1355 3608 commentum,

252 3623 335 3720 qupd
356 3623 429 3680 otim
451 3624 580 3680 famosae
596 3632 625 3680 et
641 3623 773 3678 omnium
791 3623 990 3681 Ecclesiarum
1008 3644 1058 3680 ore
1079 3624 1237 3681 ventilatae
1254 3622 1356 3700 dispu-

251 3707 360 3768 tationi
375 3707 458 3765 dedit
470 3717 694 3785 argumentum3
718 3707 896 3790 quibusdam
914 3699 1019 3766 Graeci
1037 3718 1137 3764 textus
1158 3727 1286 3764 errorem
1304 3729 1358 3764 as·

253 3791 435 3866 serentibus,
457 3793 523 3851 aliis
543 3814 612 3851 cum
639 3779 823 3850 Graecorum
842 3807 905 3850 tum
928 3793 1098 3851 Latinorum
1120 3789 1282 3849 Mathusala
1306 3793 1357 3848 di-

252 3878 336 3935 luvio
359 3887 492 3955 ereptum
520 3878 779 3938 contendentibus.
824 3877 945 3936 Dissidii
968 3877 1139 3936 huiusmodi
1168 3886 1256 3934 testes
1283 3886 1358 3935 sunt

253 3961 454 4040 tlreronymus
470 3973 583 4039 quaest
606 3963 727 4022 inlebr
718 3985 749 4022 m
766 3963 924 4038 (seucum
944 3974 973 4020 et
987 3963 1171 4041 Augustinus
1191 3964 1238 4027 15.
1255 3963 1292 4021 de
1307 3962 1357 4018 tu

252 4045 307 4106 vit.
326 4047 380 4105 Der
394 4067 460 4126 rap
478 4053 525 4110 11.
542 4059 572 4105 et
587 4053 635 4112 13

330 4129 406 4209 Ἔπη
424 4129 460 4193 ed
462 4131 482 4210 .]
506 4133 741 4204 Quatuordecirn
756 4132 903 4191 duntaxat
918 4152 1011 4190 anuos
1025 4129 1190 4189 Mathusala
1205 4130 1359 4190 diluvium

255 4219 435 4286 excessisse.
464 4218 516 4294 qui
542 4224 593 4282 70.
637 4219 838 4296 interpretum
864 4228 1030 4297 sequuntur
1052 4226 1192 4288 textum,
1221 4235 1361 4294 posuere,

256 4320 312 4359 nec
330 4302 489 4360 Africanus
510 4301 798 4379 quintumdecimum
816 4305 915 4383 potuit
934 4303 1106 4361 admittere:
1136 4303 1217 4359 unde
1235 4301 1358 4373 mirum,

257 4406 330 4460 eur,
353 4407 422 4446 rum
433 4388 468 4445 in
485 4396 572 4446 textu
587 4407 655 4468 pag.
671 4389 701 4453 4.
717 4399 782 4448 tum
796 4389 830 4448 in
844 4389 930 4449 Notis
948 4408 1014 4468 pag.
1027 4389 1099 4454 243.
1129 4385 1278 4462 scaligero
1291 4384 1360 4464 pla-

1545 4469 1546 4502 i
