3109 4959
271 417 348 497 636
626 423 973 495 EMENDATIONES

271 588 369 651 huius
385 604 454 647 cum
471 604 522 664 ιο,
543 606 623 665 quas
642 594 686 644 ιιι
706 580 858 667 (eiusdem
875 578 1029 664 attunt)
1050 580 1139 664 opud
1150 580 1314 645 tunsus
1332 588 1364 645 in

272 675 326 735 lib.
342 667 475 747 ἄποδοίξ.
498 690 677 752 quanquam
697 666 777 729 idem
799 670 841 727 ait
860 679 1082 747 argumentum.
1127 670 1258 731 Omnino
1278 670 1362 746 isaeo,

147 800 158 828 ,
271 768 307 819 ut
319 756 371 817 luc
384 759 501 834 extant,
522 777 606 816 nemo
620 756 805 834 assequitur.
847 752 985 813 Patavina
1001 753 1214 834 delicatorum
1236 755 1364 835 Tempo-

271 861 339 903 rum
350 841 404 903 lib.
419 846 469 909 12.
487 860 551 920 cap.
562 844 614 907 30.
632 840 755 900 eandam
770 836 906 897 Africani
920 838 1114 911 sententiam,
1136 846 1201 897 tum
1217 838 1278 915 hio,
1298 848 1364 900 tum

270 924 350 987 libro
368 933 494 1000 octavo,
516 926 553 986 do
564 926 652 986 Dom.
672 925 784 1001 uvsng.
800 921 866 983 aliis
880 922 981 983 vachis
999 921 1081 1005 apud
1092 922 1253 983 Eusebium
1265 942 1365 1003 expo·

271 1008 360 1072 sitam
376 1018 513 1071 testatur.

354 1095 424 1173 Pag-
445 1093 517 1161 824·
536 1088 603 1155 Ἐπὶ
617 1081 767 1163 τὸπάθος
787 1083 895 1173 προῄει
911 1087 997 1165 ἔτους
1018 1082 1091 1171 ιδ’]
1112 1089 1278 1151 Numerum
1296 1110 1364 1150 mo-

273 1178 385 1239 saviis
402 1173 449 1259 ιη’·
464 1176 582 1238 Eusehii
601 1183 728 1235 mentem
745 1194 809 1232 eam
825 1193 888 1233 ossa
903 1174 1079 1251 arbitratus,
1103 1176 1156 1254 qui
1177 1174 1363 1235 succedentis

270 1263 395 1345 paginas
411 1261 522 1343 'primis
543 1257 781 1321 verbis'scribita
809 1254 882 1336 uersi
902 1254 936 1323 τδ
956 1254 999 1323 ιε’.
1022 1258 1086 1333 ἔτος
1104 1262 1242 1345 Τιβερίου
1265 1264 1365 1340 τριετῆ
1390 1268 1415 1289 ·’

270 1343 447 1429 γρόνοντῆς
459 1344 650 1419 διδασκαλίας
663 1338 760 1407 sicori
772 1340 939 1425 (Χριστοῦ)
962 1344 1160 1425 διαγενέσθαι.
1200 1346 1277 1404 Post
1300 1344 1364 1403 Ti-

271 1430 347 1492 berii
364 1450 481 1490 annum
501 1427 649 1489 decimum
667 1431 810 1509 quintum
825 1426 1065 1507 praedicationis
1087 1429 1203 1489 Christi
1217 1428 1364 1487 triennale

270 1511 563 1659 dttthdtttt
573 1513 1364 1677 iiiiiiiiifii.ii,iiiiiiiiii'iii'iiiiiiiii

269 1682 371 1745 studio
383 1682 512 1743 domtus
525 1682 640 1765 sibimet
656 1690 814 1741 attestatur
826 1701 905 1740 anno
921 1681 1033 1743 Tiberii
1048 1685 1097 1748 18.
1123 1681 1180 1743 Ad
1185 1677 1364 1763 passicratis

269 1769 353 1827 versit
369 1788 448 1827 anno
470 1764 521 1833 18.
549 1767 621 1825 Eam
641 1764 801 1826 lectionem
818 1775 922 1827 tuetur
938 1775 968 1825 et
985 1766 1141 1826 certiorem
1155 1768 1263 1846 probat
1280 1770 1364 1827 Pon-

269 1858 374 1925 osus,
395 1860 425 1911 et
442 1850 588 1911 anniani
607 1850 743 1909 Vaticani
764 1846 851 1928 (quae
869 1851 906 1909 da
921 1850 1011 1927 Regio
1030 1860 1129 1929 potest
1149 1871 1212 1910 essa
1236 1861 1364 1910 senten-

271 1930 326 2013 tis)
348 1933 527 1995 authoritate
551 1933 584 1993 in
606 1932 787 1993 contrarium
810 1934 920 2012 relata,
941 1935 1126 2012 librarium,
1149 1935 1202 2016 qui
1223 1940 1275 2001 19.
1295 1936 1363 1995 vico

272 2020 323 2087 18.
335 2017 535 2089 substituerit,
557 2016 666 2078 erroris
676 2017 821 2098 postulat.
1010 2025 1012 2028 ’

354 2096 471 2184 Γράφει
485 2100 519 2165 δὲ
531 2102 581 2165 καλ
597 2099 739 2186 Φλέγων]
760 2100 893 2178 Scaliger
909 2100 1081 2183 corruptius
1098 2122 1188 2184 quam
1202 2102 1274 2180 Bag.
1291 2095 1363 2185 γρά-

271 2206 325 2269 φει
344 2183 378 2249 δὲ
396 2186 448 2250 καλ
469 2184 546 2271 λέγει
565 2184 584 2249 δ
602 2183 656 2262 τάς
676 2181 864 2266 ὀλυμπιάδας
906 2229 1171 2248 ......
1211 2184 1281 2266 περὶ
1299 2191 1363 2249 τοῖν

271 2264 384 2332 αὐτοῖν.
404 2269 598 2330 Barbarinum
612 2279 643 2331 ct
657 2271 755 2333 Parca.
772 2269 934 2330 emendate.
953 2270 1064 2353 γράφει
1084 2268 1118 2334 δὲ
1136 2270 1188 2335 καὶ
1203 2273 1325 2353 Φλέγων
1343 2268 1363 2335 δ

269 2346 325 2425 τάς
345 2347 543 2433 ὀλυμπιάδας,
570 2353 678 2430 quibus
702 2373 771 2431 cum
795 2352 944 2413 Chronico
966 2356 1129 2414 Alexandr.
1151 2356 1259 2434 pagina
1287 2357 1361 2421 620.

271 2435 366 2511 addo,
388 2430 571 2518 συναγαγάν.
612 2436 792 2516 Appositum
813 2435 938 2498 verbum
957 2438 1069 2515 probat
1082 2437 1205 2497 Photius
1219 2439 1360 2501 scribens.

271 2514 452 2627 άντγνάσ-δτγ
470 2518 635 2602 Φλέγοντος
658 2524 843 2601 Τραλλιανοδ
859 2513 1062 2599 άπιλευθὲρου
1075 2526 1130 2583 τοῦ
1143 2515 1362 2602 αάτοκράτορος

268 2596 426 2685 Ἀδριανοῦ
451 2608 696 2683 Ολυμπτονικοῖυ,
718 2603 769 2668 καὶ
788 2608 935 2689 χρονικῶν
958 2599 1126 2687 συναγωγή.
1166 2608 1263 2665 Lecta
1283 2610 1361 2665 miti
1521 2639 1522 2646 ι

273 2686 446 2769 Phlegontis
474 2690 643 2764 Tralliani,
664 2692 732 2749 eiua
752 2694 808 2770 qui
827 2691 969 2769 Augusti
988 2688 1128 2753 Adriani
1146 2689 1361 2769 libertua'suit

273 2774 551 2855 Olympionicarum
566 2786 594 2834 et
612 2774 830 2835 Chronicorum
845 2775 990 2835 collectio.

353 2860 421 2938 1¹23·
443 2860 515 2927 825·
528 2854 596 2923 ’Ότι
611 2856 666 2940 μὲν
679 2855 779 2943 ,susat
793 2853 862 2940 ου’χλ
880 2856 914 2922 di
935 2852 1048 2942 ,ιφλγ’.]
1072 2858 1255 2920 Graecorum
1273 2880 1358 2920 com·

269 2951 412 3023 putorum
437 2943 627 3023 reponendae
647 2944 758 3004 rationi
784 2944 902 3004 disertis
922 2944 1073 3005 illustrata
1105 2945 1358 3005 observationibus

268 3028 423 3108 sequentia
442 3028 546 3089 retulit
560 3028 701 3089 Petreius
720 3027 865 3090 adduct.
888 3030 989 3110 operis
1013 3029 1050 3088 de
1067 3027 1207 3088 Doctrina
1225 3029 1357 3111 Tempo-

176 3119 209 3177 Ρ.
226 3118 259 3177 79
270 3132 340 3171 rum
359 3112 513 3172 Variarum
527 3111 671 3175 dissertat.
686 3110 764 3171 libro
780 3122 902 3190 octavo,
923 3122 953 3173 ct
966 3133 1003 3171 ex
1019 3112 1200 3173 authoritate
1218 3114 1357 3195 Esarsge·

269 3194 329 3258 lica
341 3194 516 3259 Africanum
528 3196 627 3259 verbis
637 3196 703 3257 istis
720 3217 810 3276 quam
824 3206 905 3258 recte
917 3197 1056 3275 redargui
1070 3206 1206 3264 testatur.

170 3287 203 3347 V.
219 3290 255 3347 ts
313 3314 315 3319 ·
354 3278 415 3345 Διά
428 3276 463 3345 τά
479 3281 637 3364 εἰρημένον
652 3276 764 3363 Ἰησοῦς
780 3278 814 3345 δὲ
826 3273 888 3363 ἦν]
908 3282 944 3343 In
956 3284 1047 3362 plano
1062 3302 1196 3361 puroque
1210 3282 1280 3343 loco
1295 3283 1358 3345 mi-

270 3383 325 3423 ror
341 3384 478 3427 errorum
497 3366 671 3427 colluviems
692 3365 727 3426 in
744 3366 816 3445 fleg.
838 3366 959 3448 quidem
975 3377 1005 3426 et
1018 3368 1116 3425 Perea.
1131 3362 1177 3429 σι’.
1195 3366 1228 3431 δὲ
1242 3361 1302 3447 aior
1323 3368 1357 3426 in

270 3446 389 3508 Bas-ber.
401 3469 472 3508 vero
486 3450 590 3511 diffuse
603 3449 693 3511 scribi
702 3471 712 3511 r
720 3469 722 3473 ·
731 3447 939 3517 διακοσιοστὸν
953 3449 1079 3515 δέκατον
1091 3447 1125 3514 di
1134 3441 1186 3531 ἦν.
1207 3452 1284 3511 Cum
1297 3450 1356 3511 Ps-

221 3596 224 3605 *
269 3539 332 3591 λιν.
349 3531 480 3611 reposui.
498 3523 611 3612 Ἰησοῦς
622 3532 655 3598 di
668 3526 719 3615 οἷν.

354 3608 446 3677 Ἐτοῖν
465 3607 515 3695 λγ’.
538 3614 590 3677 καὶ
604 3616 717 3699 ἡμέρας
737 3623 809 3700 μιᾶς
825 3622 868 3707 τῷ
887 3614 1006 3704 ,τρλδ’.]
1035 3617 1155 3680 annum
1176 3634 1215 3677 ax
1235 3614 1355 3697 Georgii

270 3709 413 3780 computo
436 3697 569 3778 passioni
590 3699 701 3760 Christi
720 3714 943 3780 consecratum,
973 3712 1003 3763 et
1025 3700 1128 3761 aetatis
1149 3700 1213 3760 eius
1232 3702 1353 3763 tertium

271 3806 306 3844 ac
326 3782 508 3845 tricesimum
526 3791 665 3863 putatum
681 3804 763 3845 serae
784 3787 969 3848 Christianos
987 3784 1152 3846 secundam
1168 3804 1258 3865 supra
1274 3807 1351 3867 qua-

269 3868 464 3946 dragesimum
480 3886 542 3927 ossa
557 3866 689 3928 declarat
699 3869 835 3929 Patavina
843 3870 901 3931 lsoc
914 3879 1004 3951 pacto
1019 3868 1080 3929 loci
1094 3867 1177 3929 citati
1188 3875 1351 3951 pagg-298.

269 3962 300 4012 et
318 3957 390 4020 802.
413 3953 506 4012 heras
526 3950 711 4014 Christianae
727 3972 822 4012 annus
834 3954 886 4021 42.
898 3955 925 4014 is
940 3961 1114 4014 numeratur
1128 3951 1161 4011 in
1177 3956 1260 4016 cuias
1274 3956 1352 4015 diem

266 4035 368 4100 hlortii
379 4040 430 4103 23.
443 4037 672 4115 decimaquarta
687 4036 822 4095 Paschali
836 4035 943 4097 incidit
957 4037 1030 4097 faria
1041 4046 1132 4115 sexta,
1148 4049 1233 4101 atax
1248 4041 1351 4100 Astru-

268 4120 396 4183 nomicis
415 4120 524 4181 tabulis
545 4130 675 4181 constats
697 4120 783 4201 isque
800 4121 878 4179 idem
896 4142 989 4181 annus
1004 4130 1065 4197 cst,
1085 4123 1136 4202 qui
1153 4123 1300 4184 Panodori
1321 4131 1351 4182 et

269 4205 463 4268 Alexandrini
475 4206 608 4286 computi
619 4205 820 4265 monumentis
836 4204 945 4265 Christi
958 4205 1075 4266 Domini
1088 4215 1193 4268 tertius
1208 4229 1245 4268 ac
1257 4206 1350 4266 trice-

270 4290 362 4352 simus
377 4292 414 4351 ab
432 4291 495 4352 cius
510 4290 602 4350 natali
620 4290 724 4351 mundi
742 4291 834 4357 5493.
851 4290 1022 4369 corssigmto
1040 4292 1227 4352 aestimatur:
1250 4291 1349 4350 Geor-

269 4374 334 4453 gius
348 4396 438 4459 porro
453 4376 538 4438 anuis
550 4375 616 4437 aliis
630 4385 699 4439 octo
713 4374 822 4438 Christi
835 4376 963 4439 natalem
981 4396 1090 4438 mcum
1105 4376 1138 4438 in
1152 4377 1245 4445 6501.
1260 4373 1348 4435 niari-
1446 4456 1450 4462 ρ
