3109 4959
258 444 335 522 532
616 452 965 526 munnartonns

220 645 223 649 ·
259 614 342 677 illiue
355 612 434 677 dicta
449 612 589 678 airrcnrat
604 633 749 697 apparana
766 606 938 695 demadem
950 610 1054 695 paaaia
1065 610 1235 693 exponitur.
1255 610 1345 675 cart-

261 710 341 762 arum
360 720 438 762 anno
459 702 590 762 Caesarie
610 700 733 780 Augusti
753 700 806 765 43.
831 709 936 759 natum
958 696 1078 776 Georgii
1100 717 1169 758 cum
1192 698 1346 761 Paacdoro

260 785 490 866 pronunciatum
512 795 570 847 eata
592 784 643 844 lria
661 795 760 845 tamen
775 783 878 844 abillo
895 784 1060 863 discrepat,
1079 788 1115 841 at
1129 781 1243 843 Clariati
1257 792 1346 843 nata·

258 870 317 931 lem
341 889 470 947 annum,
499 890 534 930 ae
551 870 641 930 aimul
663 868 787 947 Auguati
805 867 857 934 43.
878 868 912 927 in
934 866 1208 935 64961οου411υ
1229 865 1347 943 maadi,

259 954 312 1017 ille
325 952 359 1014 ia
380 955 474 1024 6600.
488 956 670 1036 completum
684 954 719 1013 ab
733 952 837 1013 eodem
851 953 922 1012 arbe
938 961 1036 1011 creato
1045 949 1175 1011 reiiciate
1195 951 1235 1012 ait
1249 950 1347 1012 nihilo

259 1038 356 1100 aecius
374 1037 455 1100 idern
476 1039 596 1117 utrique
610 1038 739 1097 Iulianae
759 1037 878 1097 Periodi
899 1038 992 1103 4718.
1014 1054 1053 1096 ex
1070 1054 1131 1115 qao
1144 1036 1224 1096 idem
1240 1055 1347 1096 rnraaa

259 1124 381 1201 utrique
400 1132 431 1184 ct
451 1122 573 1202 Augusti
595 1123 768 1202 primordiis
794 1120 974 1202 reapondeaa
997 1120 1056 1181 erit
1075 1118 1194 1181 Periodi
1215 1119 1348 1180 ltalianae

223 1253 225 1257 .
261 1208 356 1273 4671.
371 1227 430 1285 quo
444 1208 558 1269 conditi
572 1207 652 1267 orbia
665 1206 836 1267 Paaodorua
855 1207 948 1272 6451.
967 1203 1113 1282 Georgius
1125 1205 1217 1273 6468.
1237 1224 1347 1265 anme-
1445 1217 1449 1223 '

260 1298 319 1351 rat.
360 1291 402 1352 Ut
421 1291 541 1371 Georgii
560 1310 643 1350 mene
666 1309 704 1350 ex
722 1290 836 1367 integro
853 1300 883 1349 et
901 1310 965 1348 non
994 1290 1233 1349 emendatoriae
1259 1297 1347 1349 texta

260 1395 328 1455 pag.
350 1376 422 1451 806.
450 1377 485 1436 A.
507 1376 550 1434 ita
573 1372 722 1435 Paraadori
743 1394 780 1432 ex
801 1394 867 1452 pag.
887 1376 960 1440 313.
982 1372 1017 1433 Β.
1038 1381 1165 1434 cunctat.
1204 1372 1347 1437 Diverane

261 1459 419 1537 utriunque
438 1459 475 1517 ab
495 1459 573 1519 orbis
594 1458 686 1518 natali
702 1476 844 1518 numerus
857 1458 888 1517 ia
904 1457 1035 1519 lullanae
1051 1455 1170 1517 Periodi
1185 1455 1276 1524 4671.
1295 1458 1348 1519 in-

261 1542 365 1603 currit.
408 1544 453 1601 lix
466 1541 548 1617 ietia,
570 1541 802 1620 Augaatianaua
820 1543 867 1608 16.
891 1542 995 1601 mandi
1008 1542 1101 1610 6472.
1122 1540 1282 1601 etl’criodi
1295 1542 1347 1601 la·

259 1627 355 1687 lionae
375 1625 469 1693 4685.
490 1647 551 1706 quo
574 1636 661 1706 capta
680 1634 725 1686 eat
744 1625 927 1687 Alexandria
947 1624 1101 1701 aataictaa,
1129 1625 1299 1685 Biaaextum
1318 1634 1349 1685 et

259 1711 465 1771 intercalarem
481 1711 560 1770 diem
577 1729 616 1770 ex
633 1710 757 1790 Augurii
773 1711 912 1771 mandato
926 1709 1062 1789 excepit,
1082 1709 1174 1770 infert
1187 1710 1348 1789 Georgium

259 1795 435 1857 Panodurua
462 1804 559 1855 autern
586 1795 703 1855 diverao
732 1815 880 1855 annorum
904 1794 1011 1854 mundi
1038 1801 1177 1873 computo
1198 1814 1292 1871 naua,
1318 1802 1349 1854 et

260 1880 470 1940 Alexandriam
487 1881 620 1957 Auguato
636 1899 747 1939 annum
765 1885 814 1947 16.
829 1881 862 1937 in
877 1879 1003 1959 irnperio
1017 1888 1120 1956 agente
1130 1879 1281 1937 aubactarn
1296 1899 1348 1939 ar-

259 1964 401 2040 bitratur,
431 1964 482 2043 qui
501 1964 563 2045 ipai
585 1973 630 2024 eat
654 1963 760 2024 mundi
785 1965 879 2031 6466.
903 1984 940 2023 ac
962 1962 1080 2025 Periodi
1103 1963 1232 2027 lullanae
1252 1965 1348 2030 4686.

261 2070 339 2108 anno
352 2049 541 2128 postmodum
562 2059 668 2125 rento,
689 2050 831 2125 Augusti,
857 2056 893 2108 ut
906 2050 944 2108 da
962 2048 1030 2129 ipae
1049 2057 1176 2108 tentatur
1190 2045 1348 2125 Georgiua‚

260 2134 391 2193 necundo
406 2144 436 2193 ct
453 2133 613 2208 vicesimo,
634 2133 753 2194 Periodi
775 2132 902 2192 lullanae
917 2135 1011 2200 4692.
1030 2132 1152 2208 mundi,
1172 2131 1257 2193 iuxta
1272 2151 1349 2213 pre·

153 2222 157 2233 '
259 2218 360 2297 prium
376 2218 431 2277 eibi
450 2227 622 2298 computum
637 2218 730 2285 5472·
750 2218 920 2277 Bieaextuor
934 2217 1066 2277 ‘eundem
1079 2217 1162 2277 diem
1174 2218 1306 2295 Augaato
1318 2225 1357 2276 et·

260 2303 385 2361 eruditis
398 2302 470 2360 viria
486 2302 711 2363 decumantibus
729 2302 891 2363 admissum
903 2302 1048 2362 observat.
1074 2301 1163 2366 Viden
1178 2301 1350 2381 utrobique,

258 2385 292 2445 in
312 2386 432 2464 Georgii
449 2385 590 2445 nimirum
602 2396 630 2445 et
643 2386 791 2447 Parrodori
804 2386 927 2447 direraia
940 2386 1090 2466 computis
1104 2386 1224 2462 eodem,
1246 2387 1271 2445 ai
1285 2405 1349 2444 vo·-

261 2469 426 2530 circanam
442 2470 600 2548 respicias,
622 2471 726 2530 muradi
744 2471 837 2540 6472.
857 2472 981 2549 Augusti
995 2472 1078 2530 iaeau
1090 2471 1260 2547 evulgatum
1277 2469 1349 2528 Bia-

260 2564 345 2613 aexto
367 2554 524 2615 condendo
541 2554 714 2635 deputatam
730 2555 825 2613 diana:
848 2552 879 2612 al
894 2574 981 2633 quam
996 2555 1114 2615 diverao
1130 2554 1228 2633 spatio
1250 2552 1349 2613 conii-

260 2638 318 2713 cit,
343 2638 395 2717 qui
411 2639 535 2717 Augaati
554 2658 665 2699 armum
689 2639 739 2705 15.
761 2647 792 2698 et
808 2639 925 2698 l'eriodi
944 2638 1075 2699 lulianae
1093 2640 1185 2707 4686.
1204 2657 1242 2698 ex
1261 2646 1348 2718 parte

259 2742 338 2797 nna3
359 2731 444 2783 etex
464 2724 602 2803 opposita
625 2722 750 2803 Augusti
767 2730 817 2790 22.
839 2733 868 2781 et
886 2723 1006 2783 l‘eriodi
1019 2724 1149 2783 lulianae
1164 2724 1258 2790 4699.
1274 2742 1349 2802 apa-

259 2816 337 2867 ctut:
359 2806 416 2867 laoc
431 2816 475 2866 eat
487 2828 633 2869 annorum
647 2815 678 2875 7.
700 2807 901 2867 intervallum.
943 2808 1020 2879 Quia
1031 2828 1103 2867 vero
1117 2805 1349 2867 abAlexandria

260 2891 392 2951 Gaeaaria
415 2892 504 2951 armia
524 2892 642 2953 devicta
660 2911 713 2951 aex
736 2891 926 2970 postmodam
945 2890 1031 2949 arania
1049 2890 1127 2950 diem
1141 2888 1349 2951 intercalarem

259 2975 420 3035 inductum
443 2976 615 3035 Parrodorua
637 2976 755 3037 acuerit:
793 2994 862 3034 cum
880 2974 911 3032 in
934 2974 1058 3051 Auguati
1086 2982 1263 3055 potentatum
1282 2974 1348 3035 eiua

259 3080 339 3119 anno
357 3060 405 3126 16.
419 3061 554 3136 craaerit3
568 3068 670 3123 aextae
682 3058 791 3119 exinde
805 3078 899 3119 annua
913 3058 945 3117 in
954 3060 1099 3119 l’anodori
1113 3068 1254 3140 computo
1267 3079 1349 3119 raon-

258 3143 317 3202 niai
336 3144 441 3203 mandi
459 3146 551 3211 6471.
571 3153 711 3224 putatur:
739 3144 793 3222 qui
809 3153 907 3203 tamen
924 3154 959 3203 ut
972 3142 1118 3225 superiori
1137 3163 1260 3204 numero
1273 3164 1349 3204 con·

259 3248 344 3303 cora,
366 3238 396 3287 et
411 3228 529 3306 Georgii
550 3229 742 3307 Africanique
757 3229 846 3288 dictio
863 3248 1028 3307 conaoaua,
1051 3228 1090 3289 ad
1108 3228 1271 3308 marginem
1290 3246 1349 3289 ex·

258 3311 383 3392 petitam
399 3320 504 3372 nactur
519 3323 563 3371 eat
576 3313 817 3372 emendationem.

343 3390 522 3477 Αὐγούστου
539 3394 571 3458 dl
587 3397 643 3459 ἔτει
658 3392 712 3476 ιι’.]
735 3396 863 3475 Auguati
877 3395 995 3475 imperii
1005 3416 1084 3456 anno
1097 3395 1196 3476 primo
1207 3394 1247 3457 ad
1258 3416 1350 3457 mun-

259 3479 292 3539 di
306 3479 401 3546 6458.
420 3480 529 3558 al'srxo,
550 3481 669 3561 quintus
683 3502 717 3539 ac
734 3482 866 3540 decirnua
886 3500 956 3539 curn
969 3481 1077 3540 mundi
1091 3481 1186 3548 6472.
1207 3481 1347 3561 coniungi

258 3564 419 3641 ropetitur:
442 3585 544 3626 vertam
564 3566 636 3643 quia
651 3566 714 3623 eiua
729 3585 825 3623 annue
840 3564 981 3640 ultiman,
1003 3564 1057 3645 qui
1070 3575 1173 3625 aeriam
1191 3575 1236 3625 cat
1256 3586 1347 3647 aupra

158 3687 169 3705 .
260 3650 311 3712 60.
328 3647 544 3706 coiracidantanr
562 3649 690 3727 requirit
700 3649 803 3713 6514.
823 3648 906 3726 quod
924 3649 1058 3711 'l'iberiua
1078 3669 1231 3711 auoceaam
1249 3649 1349 3731 impa-

258 3730 337 3789 riurn
356 3752 434 3789 aarrro
456 3733 549 3799 6516.
569 3733 755 3813 auspicetur,
777 3752 815 3790 ex
836 3752 901 3811 pag.
922 3738 992 3800 319.
1015 3735 1050 3794 A.
1071 3754 1136 3793 eam
1149 3734 1187 3792 ob
1200 3751 1265 3795 ram
1282 3737 1349 3796 Aa·

259 3815 339 3891 gnati
361 3836 455 3875 annue
475 3818 605 3895 primur,
640 3816 691 3897 (ex
713 3817 910 3877 emendatiore
935 3816 1078 3880 Authoria
1100 3818 1232 3894 calculo,
1259 3839 1348 3899 quem

261 3918 318 3957 nos
336 3899 447 3977 pariter
463 3901 502 3961 ad
522 3903 683 3979 marginem
704 3902 864 3961 adiecimua
882 3921 948 3982 pag.
968 3905 1041 3969 306.
1061 3903 1113 3983 A.)
1134 3902 1239 3963 mandi
1254 3905 1348 3972 6469.

262 3984 463 4060 conacciatua,
492 3996 659 4064 aequantem
683 3995 824 4066 quartum
844 3995 874 4045 et
893 3986 1041 4047 decimam
1062 3988 1095 4047 in
1122 3986 1229 4047 muradi
1255 3988 1349 4055 6472

260 4067 368 4129 referte
390 4078 466 4127 etat
480 4069 607 4129 Biaaexti
621 4072 714 4147 legem
728 4091 763 4130 eo
784 4071 874 4130 creati
889 4072 970 4131 orbiu
985 4073 1079 4138 6472
1098 4072 1141 4131 ita
1155 4072 1281 4151 Auguuti
1297 4072 1349 4138 14.

259 4150 389 4231 positam
405 4151 490 4214 debet
509 4154 625 4215 Author
642 4155 786 4233 Georgius
800 4155 971 4215 admittere:
990 4158 1074 4235 quod
1085 4176 1176 4237 cupra
1196 4154 1349 4237 conceptia

259 4234 358 4295 verbio
373 4236 521 4315 proferena
535 4249 579 4299 eat
597 4260 663 4319 pag.
683 4242 757 4325 311.
780 4240 812 4299 C.
835 4241 867 4303 ol
881 4239 916 4302 ἕν
929 4233 1134 4329 ’Ἀλεξανδρείᾳ
1149 4235 1211 4305 daed
1228 4246 1285 4304 σου
1299 4233 1348 4302 ui‘.

261 4314 523 4401 &nordostunorum
537 4319 609 4399 τους
623 4317 800 4405 Aar'yeriurou
810 4318 947 4423 xptiuaug.

342 4401 428 4467 Karai
450 4403 483 4471 rd
500 4401 547 4480 ις’.
563 4407 648 4483 ἔτους
660 4412 715 4491 τῆς
733 4401 910 4493 Αὔγουστον
929 4408 1103 4491 βασιλείοις]
1123 4410 1167 4472 lle
1180 4406 1268 4470 annia
1281 4403 1348 4469 Aa·
