3109 4959
533 468 594 536 ET
615 464 967 535 ANNOTATIONES·
1223 454 1298 531 513

216 623 368 701 leronem,
388 621 448 683 eins
457 620 580 681 intrem
585 639 595 695 ;
617 628 648 680 et
661 619 787 680 alterum
805 619 924 681 demum
938 619 1046 680 Onism
1061 618 1155 680 Onire
1173 622 1253 682 tertii
1270 632 1302 683 et

216 709 330 770 lenonis
364 708 482 768 fratrem
511 704 675 779 minorem,
705 705 830 765 Menelsi
858 706 978 765 nomine
1010 705 1190 785 vocitatum,
1214 708 1304 769 'deci-

216 814 266 854 mo
287 793 391 865 tertio,
412 798 534 869 quarto,
556 797 587 848 et
606 788 710 867 quinto
725 788 830 849 ordine
848 790 1009 850 collocasse
1027 790 1175 871 suspicor.
1217 793 1304 853 Con·-

215 878 345 938 iecturoe
371 876 423 933 dut
449 882 674 951 argumentum,
701 874 782 953 quod
806 883 877 954 post
901 876 1051 934 Simonem
1070 876 1150 934 inter
1170 876 1304 937 Pontifi-

217 982 266 1021 oes
298 958 527 1035 duodecimum,
567 957 591 1016 si
623 957 755 1018 decimus
785 960 892 1019 tertius
917 959 1041 1019 secedet
1067 958 1176 1037 Onici,
1214 961 1302 1021 loson

216 1054 337 1126 quartus
357 1044 507 1118 decimus,
528 1040 678 1101 Menelaus
702 1044 822 1121 quintus
847 1043 997 1119 decimus,
1017 1044 1210 1123 Lysimachus
1230 1066 1302 1105 sex-

214 1139 263 1189 tus
283 1129 415 1190 decimus
446 1129 644 1207 (cunctorum
672 1130 753 1187 enim
780 1128 903 1187 nomina
924 1148 1031 1207 resque
1055 1137 1149 1206 gestos
1172 1148 1301 1209 percen-

214 1223 260 1275 set
288 1212 405 1273 Author
434 1211 468 1270 in
498 1210 712 1293 sequentibus)
752 1214 903 1292 quomodo
936 1213 1043 1272 ludam
1071 1224 1188 1272 sextum
1216 1214 1301 1274 deci-

214 1318 296 1359 mum
312 1298 447 1358 Iudaicae
464 1297 613 1355 Ecclesiae
627 1297 747 1377 reponit
760 1298 930 1357 Antistitem
941 1299 1039 1378 pegin.
1052 1301 1123 1362 287.
1140 1298 1174 1359 Δ.
1190 1318 1226 1357 ιο
1241 1318 1302 1359 non

215 1383 316 1463 potius
339 1382 498 1462 septimum
521 1381 685 1455 decimum,
711 1382 761 1442 vel
783 1384 873 1441 etium
894 1382 1040 1441 decimum
1063 1401 1191 1459 nonum,
1217 1383 1303 1443 ntei-

213 1488 262 1529 mo
280 1467 438 1540 nimirum,
461 1484 550 1545 quem
569 1487 717 1526 summum
739 1468 928 1527 Sacerdotem
947 1468 999 1527 lib.
1017 1472 1045 1531 1.
1065 1464 1160 1526 Mace.
1185 1488 1253 1547 cop.
1272 1476 1304 1533 7.

213 1571 243 1614 v.
259 1554 288 1617 3.
306 1560 337 1611 et
351 1558 381 1619 9.
398 1550 567 1631 praedicet,
589 1561 618 1611 et
636 1550 781 1613 Metatltie
800 1552 890 1611 Iudae
903 1561 988 1632 patre
1008 1552 1041 1610 in
1053 1551 1232 1611 Pontificum
1246 1573 1306 1611 nn-

213 1656 328 1697 merum
347 1634 522 1695 sdvocetis'l
551 1636 613 1695 Nec
631 1636 796 1695 Menelaum
817 1639 918 1715 itsque
941 1656 998 1696 nec
1011 1635 1222 1714 Lysimachum
1241 1639 1307 1697 sm-

212 1730 292 1796 tres,
312 1740 369 1780 noc
388 1720 537 1780 Alcimum
561 1720 598 1779 ob
617 1721 766 1800 proditam
785 1721 924 1800 pietatem
939 1731 969 1780 et
987 1722 1132 1780 desertum
1146 1720 1236 1780 iidem
1254 1722 1306 1780 in-

212 1806 321 1883 fames,
342 1805 395 1863 sed
413 1824 510 1883 neque
525 1804 713 1882 Manthiam,
735 1806 816 1883 quod
838 1825 870 1866 se
886 1805 994 1885 populi
1016 1805 1221 1881 liberatorem,
1241 1825 1306 1865 non

212 1888 305 1949 oreris
325 1890 508 1970 preelectum
521 1890 659 1967 gesserit,
683 1889 876 1949 Pontificibus
889 1898 1025 1951 accenset
1040 1891 1202 1967 Georgius,
1224 1890 1305 1949 solos

213 1984 311 2034 eutem
323 1972 452 2034 Simonis
464 1974 546 2033 lilios
558 1975 590 2034 in
607 1974 670 2033 eius
685 1973 806 2053 scriptis
818 1974 996 2051 desiderari,
1016 1996 1051 2033 ec
1070 1975 1124 2033 snb
1140 1994 1244 2033 eornm
1257 1974 1305 2034 el-

212 2068 278 2119 tero
291 2058 358 2119 Iesu
366 2059 422 2117 lilii
437 2056 542 2118 Sirech
554 2059 733 2118 mentionem
748 2058 857 2119 factam
867 2080 906 2119 ex
919 2058 998 2120 infre
1009 2059 1141 2139 legendis
1154 2078 1221 2138 pag.
1233 2062 1306 2125 286.

212 2144 253 2203 sd
261 2142 444 2203 Antiochum
458 2144 639 2224 Eupatorem
651 2144 796 2204 arbitror·
818 2164 947 2224 quornm
966 2145 1041 2206 ordo
1060 2152 1090 2203 et
1107 2152 1227 2223 tempus
1245 2140 1306 2203 hoe

211 2237 305 2333 pecto
318 2228 512 2330 disponendo.

295 2305 501 2375 Ἰουδαίων’
463 2336 512 2396 ιγ.
502 2304 761 2393 ,inueniuntur
773 2306 875 2389 Ὀνίας
887 2317 1006 2429 ιτηοῖτος
1018 2312 1156 2392 Σίμωνος
1171 2306 1240 2385 υίος
1259 2308 1309 2391 ἔτη

213 2390 261 2481 ιγ’.
251 2420 326 2460 ,του
315 2392 421 2459 δί’
388 2415 502 2476 κοσμου
512 2390 591 2502 ετβ.

294 2476 363 2545 ’utut
384 2504 492 2545 τουτου
509 2454 700 2583 Ἰηοοῦςδ
679 2502 732 2542 του
720 2476 859 2564 Σιριίη,
882 2476 951 2545 δ
912 2504 970 2563 την
982 2481 1105 2587 Σοφίαν
1116 2474 1241 2562 γράψας
1251 2475 1310 2586 miv

212 2565 401 2670 καλουμίνην
426 2559 621 2650 Πανάρετον,
648 2562 683 2629 ίν
703 2556 727 2652 ᾗ
744 2566 797 2630 καί
817 2565 964 2648 μέμνηται
983 2570 1039 2630 τοῦ
1058 2558 1241 2628 Ὀνίουτοῦ
1248 2560 1309 2648 noo

214 2644 319 2714 αιίτοῦ

296 2728 447 2797 Ἰουδαίων
464 2728 512 2798 ιδ’
530 2727 662 2837 Ἰησοτῖς,
683 2758 699 2797 ο
692 2730 770 2797 καί
788 2725 907 2807 Ἰοίσαυ,
927 2728 1065 2836 δεύτερος
1080 2734 1221 2814 Σίμωνος
1233 2726 1308 2810 υίδς,

213 2812 315 2881 Ὀνίου
331 2814 473 2898 ἆδελφδς,
491 2812 599 2925 liny'.
613 2841 669 2882 του
656 2814 768 2881 “tt
733 2838 872 2905 κοσμου
872 2813 947 2883 ιτιί.

297 2897 449 2966 Ἰουδαίων
466 2901 510 2965 ιε’.
529 2898 631 2976 Ὀνίας
649 2900 753 2980 αλλος,
774 2878 872 2986 τρίτος
886 2904 1027 3007 Σίμωνος
1041 2897 1123 2977 υίος,
1137 2905 1194 2964 τοῦ
1204 2894 1354 2964 ὈνίουΡ.
1358 2907 1407 3033 'to

214 2985 267 3052 καλ
280 2980 380 3067 Ἰησοῦ
393 2981 536 3083 α’δεληδς,
557 2986 637 3049 ixei
648 2987 822 3064 Meritone
845 2982 947 3069 ίτη’
910 3012 959 3061 ις.
979 3010 1034 3051 του
1022 2985 1081 3050 δὲ
1095 2982 1207 3066 κόσμου
1219 2979 1310 3070 ετιηῖ

299 3072 456 3148 ignorent,
478 3071 614 3148 inquies,
637 3082 776 3148 quartum
796 3072 881 3132 hunc
896 3073 1004 3132 Ouium
1020 3080 1051 3131 et
1066 3072 1130 3131 eius
1144 3045 1309 3130 Pontifica-

214 3166 280 3217 tum
295 3152 483 3233 Chronologi.
526 3154 615 3227 Quod
636 3154 827 3226 brevissimo,
849 3176 884 3213 ec
902 3175 966 3215 non
985 3155 1121 3234 putando
1140 3154 1238 3234 spatio
1259 3162 1309 3211 to·

215 3240 329 3302 nuerit:
359 3241 492 3320 inquom.
540 3238 626 3298 Alter
656 3239 733 3297 enim
766 3200 918 3298 Meireleus
942 3247 972 3297 et
997 3236 1189 3334 Lysimachus
1216 3238 1309 3296 srnter

214 3325 488 3406 Pseudopontitices
505 3321 631 3404 perditis
652 3322 808 3382 moribus
798 3322 938 3382 instructi
952 3331 1049 3381 totum
1063 3320 1105 3379 eis
1119 3330 1238 3401 tempus
1252 3341 1308 3379 oc-

215 3420 337 3561 Ῑοιέριῖιὲ.
380 3410 460 3559 Alingo
474 3407 672 3565 indubitatem
686 3406 743 3550 (leS
740 3408 793 3466 illo
811 3407 902 3553 fideii?
914 3404 1222 3600 lscgelosesshut’sgud.
1239 3406 1310 3549 lig-t*

229 3517 239 3553 t
351 3515 384 3554 cs
473 3511 596 3553 meone
636 3511 696 3571 quo
734 3512 841 3551 imonis
893 3513 938 3552 τοι
1082 3512 1143 3550 our
1169 3510 1244 3550 cmm
1281 3511 1310 3547 t·-

216 3581 360 3682 gnitatem
379 3516 614 3658 insequutor
572 3574 704 3635 dilucide
725 3586 863 3639 testatur.
892 3569 956 3641 sirco
948 3571 1057 3639 ‘'ii
1029 3599 1081 3639 τον
1096 3569 1188 3638 esicio
1203 3570 1312 3655 καιρδν

217 3658 444 3770 οίττοθανοντος,
462 3662 544 3769 (lego
558 3657 825 3767 καθαιμαιθίντος)
840 3660 892 3724 καί
905 3656 1008 3725 Ὀνίου
1019 3684 1072 3723 του
1062 3655 1312 3761 ἀρχιερέως,
1269 3681 1311 3720 τω

217 3743 340 3835 οίδελφοῖ
357 3744 449 3811 ου’του
438 3742 561 3827 Ἰησοῦ
573 3768 629 3826 την
644 3740 893 3853 ἆηχιτρωσυνην
881 3748 1006 3810 δίδωσιν
1021 3771 1037 3810 ο
1030 3739 1236 3825 βασιλεύς*
1221 3770 1237 3809 ο
1247 3740 1310 3853 ηδη

215 3840 303 3907 σταῖς,
327 3830 364 3896 δν
378 3827 480 3907 Ὀνίας
495 3831 716 3906 καταλελοίπει,
737 3855 850 3937 υηαιος
868 3855 911 3912 ην
925 3831 985 3934 ἔτη.
1011 3824 1126 3934 Ἰησους
1151 3829 1183 3891 δὲ
1203 3823 1311 3911 (ουτος

215 3914 273 4000 yolo
286 3909 327 3997 ἦν
341 3940 358 3981 ο
350 3912 503 4021 ’ἅδελφδς
517 3920 574 3979 τοῦ
585 3909 765 3998 Ὀνίου)
728 3939 786 3997 την
800 3910 1025 4018 οίηχιιρωσιίνην
1034 3909 1201 4022 αφηρὲθη,
1220 3927 1310 4013 προσ

217 3999 473 4107 οηηισθίυτος
435 3995 518 4085 ου’τῷ
536 4003 592 4063 τοῦ
617 4000 775 4079 βασιλέως,
797 4024 851 4064 και
873 3995 980 4075 δόντος
1002 3994 1147 4085 ου’την
1117 4022 1159 4061 τω
1174 3990 1310 4076 νεωτοίτηι

218 4109 313 4149 αυτου
332 4079 452 4171 ιίδελφοῖ
465 4062 548 4148 Ὀνία
563 4082 705 4163 τουνομα.
726 4088 845 4191 Σίμωνι
862 4082 919 4169 ηδρ
940 4078 1026 4149 ουτοι
1043 4062 1179 4185 ἐγίνοντο
1196 4082 1310 4155 παῖδας,

217 4171 269 4235 καλ
288 4170 330 4243 τίς
344 4166 415 4243 τοδς
429 4176 508 4252 τρεῖς
520 4146 664 4250 ἧκενη’
644 4167 868 4251 αρχιερωσυνη,
888 4168 994 4245 καθοίς
1006 4164 1221 4266 δεδηλώκαμεν.
1241 4167 1311 4223 Ex-

218 4266 362 4315 outorato
372 4252 522 4334 peridem
540 4266 655 4334 tempus
671 4258 752 4317 Onia
767 4257 930 4335 Pontifice,
946 4257 1049 4332 fratri
1063 4257 1127 4311 eius
1140 4252 1209 4311 lecu
1222 4253 1310 4308 Pon-

218 4342 372 4421 tificatum
390 4339 521 4397 contulit
541 4340 607 4399 Rex
620 4340 811 4400 Antiochus:
834 4339 918 4419 quod
931 4342 1021 4418 filaus
1038 4337 1076 4396 ab
1092 4338 1172 4395 Onia
1187 4335 1311 4395 relictus

218 4436 292 4486 tunc
313 4435 387 4485 erret
404 4424 570 4505 parvulus.
614 4426 698 4486 Iecur
715 4448 782 4485 ντνο
803 4423 870 4505 (lu'c
892 4428 989 4485 Ouiae
1002 4423 1198 4500 frattrfuit)
1218 4422 1312 4477 ctione

287 4526 384 4598 (ἴσως.
401 4526 539 4595 Syooellus.
557 4524 592 4578 ll.
1062 4508 1106 4570 83
