3109 4959
516 440 850 512 CHRONOGRAPH·
871 446 1028 512 CANON.
1256 434 1328 508 135

361 606 522 662 steininen
595 608 738 665 Argivom
843 609 1042 654 Putriureberum
1058 611 1159 654 unaco.

400 675 485 733 Μεθ’·
629 677 715 734 R‘W·
789 692 923 738 Prudentiae
937 707 997 742 eam-
1030 693 1129 740 llrevlor
1140 704 1198 737 eon-

855 770 931 820 nutue.
1081 768 1158 820 nutus.

421 845 461 906 19
645 848 685 908 21
872 843 915 908 24

419 930 461 988 20
646 933 689 993 22
872 931 914 994 25

419 1014 459 1073 21
644 1019 686 1078 23
872 1019 915 1079 26

419 1099 462 1158 22
646 1102 689 1160 24
874 1101 917 1162 27

420 1183 461 1241 23
646 1182 689 1246 25

419 1267 462 1325 24
647 1271 689 1328 26

420 1348 461 1411 25
645 1353 687 1411 27

419 1434 463 1495 25
647 1437 690 1497 28

421 1521 464 1579 21
648 1521 692 1580 29

421 1605 464 1665 29
649 1605 692 1663 30

420 1689 464 1749 28
648 1687 688 1745 31

424 1774 465 1833 30
650 1771 693 1832 32

500 2059 646 2114 Argivorum
710 2057 890 2102 Atheniensium
973 2057 1171 2101 Putriurcluurum
1184 2061 1284 2101 aetates.

534 2127 621 2183 Hegea·
699 2125 903 2187 regnunauaeordi-
948 2123 1085 2169 Productior
1173 2126 1270 2168 Πιονίαι

777 2202 826 2239 tur.
893 2196 895 2200 '
949 2201 1076 2252 computus.
1154 2199 1277 2251 campulus.

709 2294 884 2344 Atheniensium

693 2365 903 2479 ¹¹‘¹..¹;1.⁰ii.⁸⁰‘'
1002 2399 1003 2402 ‘

801 2535 818 2594 1
1006 2529 1047 2588 36
1211 2526 1253 2590 35

799 2619 823 2679 2
1005 2613 1046 2672 37
1212 2615 1253 2674 36

244 2867 305 2926 quo
321 2845 399 2904 eirea
414 2841 477 2899 solo
494 2834 632 2916 quinario
649 2830 792 2908 Georgius
805 2830 960 2888 restitutus
973 2826 1135 2888 Eusebium
1150 2825 1283 2890 excedit:
1305 2837 1335 2887 et

243 2929 298 2989 ubi
320 2930 359 2987 ad
377 2924 512 2985 Abrahae
535 2938 647 2978 annum
667 2919 741 2981 890.
754 2911 964 2992 Sicyoniorum
985 2931 1078 2970 annos
1098 2917 1170 2978 962.
1191 2909 1334 2971 Eusebius

243 3013 389 3086 affirmat,
416 3002 566 3083 ‘Georgius
589 3021 656 3083 pag.
677 3001 750 3066 152.
773 2998 809 3058 A.
830 3014 975 3055 summam
992 2999 1065 3062 967.
1089 3015 1152 3052 esso
1169 3003 1334 3055 attestatur.

244 3095 450 3177 Sicyoniorum
465 3108 592 3168 regnum
607 3105 723 3146 sunima
743 3091 790 3142 est
810 3099 958 3142 annorum
979 3084 1051 3148 967.
1070 3079 1170 3138 Garnii
1188 3079 1332 3138 Sacerdo-

243 3193 309 3244 tum
325 3183 376 3246 83.
394 3185 574 3238 cunctorum
595 3171 701 3246 simul,
729 3168 821 3226 mille.
863 3164 1027 3224 Exordium
1054 3181 1158 3242 regum
1183 3164 1334 3242 vulgarem

244 3265 351 3327 mundi
364 3267 457 3331 3239.
480 3258 698 3319 coincidentem
719 3255 848 3327 obtinet3
870 3251 965 3310 exitus
986 3249 1077 3312 4205.
1101 3247 1216 3329 ¹Priores
1237 3258 1335 3307 tamen

237 3349 367 3428 *Georgii
380 3347 496 3408 tabulae
510 3363 612 3422 regum
626 3341 717 3400 finem
730 3338 763 3396 in
775 3333 880 3396 mundi
894 3335 987 3399 4217.
1006 3329 1147 3390 reiiciunt
1155 3376 1163 3407 ,
1186 3340 1215 3391 et
1228 3342 1264 3390 ut
1282 3353 1334 3391 en.

245 3434 362 3498 notatio
382 3430 552 3508 marginalis
569 3447 634 3506 pag·
651 3428 720 3490 152.
736 3421 770 3480 A.
785 3419 941 3493 admouet,
964 3435 1049 3474 error
1067 3423 1097 3473 et
1118 3435 1256 3474 excessus
1277 3435 1335 3474 aii-

245 3540 355 3581 norum
374 3514 529 3581 duodecim
543 3511 686 3588 arguitur.
729 3505 770 3563 dt
783 3523 852 3562 cum
867 3503 901 3562 in
919 3499 1076 3560 nonnullis
1092 3519 1216 3577 regnum
1234 3501 1336 3558 aetati·

245 3606 302 3664 bus
326 3599 445 3679 Georgii
465 3595 574 3657 calculi
593 3597 735 3670 superent
753 3585 952 3663 Eusebianos,
975 3583 1059 3645 ethi
1080 3585 1192 3664 pariter
1217 3585 1335 3664 Georgii

246 3687 434 3766 frequentius
443 3681 603 3752 excedant,
621 3696 659 3736 ex
674 3673 782 3752 quibus
795 3679 876 3730 certa
892 3671 976 3730 fieret
989 3668 1135 3747 rescissio,
1155 3690 1218 3728 nou
1228 3669 1335 3745 abnuo,

246 3774 337 3854 plane
357 3791 420 3829 nou
446 3764 610 3827 constabat.
661 3757 907 3817 Emendationem
931 3753 1117 3812 abbibilurus
1141 3752 1335 3814 Laomedonti

246 3855 371 3935 Polybio
385 3852 497 3912 Inacho
515 3858 546 3908 et
562 3847 702 3917 Adferte,
723 3843 757 3902 id
770 3851 816 3902 est
827 3859 929 3900 eorum
944 3838 1068 3916 singulis
1079 3847 1140 3896 tres
1155 3859 1262 3914 annas,
1284 3839 1336 3916 qui

248 3940 433 4018 cingulorum
450 3945 495 3994 est
510 3931 590 4012 apud
605 3928 766 4004 Georgium
788 3945 926 3986 excessus
944 3943 1035 4003 supra
1051 3922 1211 3982 Eusebium
1233 3922 1336 3981 detra-

248 4023 361 4087 bcndos
384 4021 506 4091 censui,
527 4025 562 4075 ut
584 4014 714 4094 quaesita
733 4017 805 4078 967.
831 4029 977 4068 annorum
1000 4027 1116 4068 summa
1137 4003 1333 4088 reliquabat.

250 4113 277 4173 A
288 4106 420 4190 sequenti
433 4101 632 4164 Laomedonte
644 4095 788 4162 detractio
801 4095 867 4156 beri
881 4091 1044 4180 exorditur.
