<?xml version="1.0" encoding="UTF-8"?>
<!DOCTYPE html PUBLIC "-//W3C//DTD XHTML 1.0 Transitional//EN"
    "http://www.w3.org/TR/xhtml1/DTD/xhtml1-transitional.dtd">
<html xmlns="http://www.w3.org/1999/xhtml" xml:lang="en" lang="en">
 <head>
  <title>
</title>
<meta http-equiv="Content-Type" content="text/html;charset=utf-8" />
  <meta name='ocr-system' content='tesseract 3.04.00' />
  <meta name='ocr-capabilities' content='ocr_page ocr_carea ocr_par ocr_line ocrx_word'/>
</head>
<body>
  <div class='ocr_page' id='page_1' title='image "./corpusscriptoru33theogoog_0459.png"; bbox 0 0 3109 4959; ppageno 0'>
   <div class='ocr_carea' id='block_1_1' title="bbox 553 439 1400 519">
    <p class='ocr_par' dir='ltr' id='par_1_1' title="bbox 553 439 1400 519">
     <span class='ocr_line' id='line_1_1' title="bbox 553 439 1400 519; baseline -0.004 -1"><span class='ocrx_word' id='word_1_1' title='bbox 553 449 614 519; x_wconf 88' lang='lat' dir='ltr'><strong>ET</strong></span> <span class='ocrx_word' id='word_1_2' title='bbox 634 447 986 519; x_wconf 81' lang='lat' dir='ltr'><strong>ANNOTATIONES.</strong></span> <span class='ocrx_word' id='word_1_3' title='bbox 1239 439 1316 516; x_wconf 73' lang='lat'><strong>443</strong></span> <span class='ocrx_word' id='word_1_4' title='bbox 1396 463 1400 470; x_wconf 83' lang='lat'>·</span> 
     </span>
    </p>
   </div>
   <div class='ocr_carea' id='block_1_2' title="bbox 219 604 1328 4497">
    <p class='ocr_par' dir='ltr' id='par_1_2' title="bbox 228 604 1316 758">
     <span class='ocr_line' id='line_1_2' title="bbox 312 604 1316 691; baseline -0.001 -21"><span class='ocrx_word' id='word_1_5' title='bbox 312 608 379 688; x_wconf 81' lang='lat' dir='ltr'><strong>Peg.</strong></span> <span class='ocrx_word' id='word_1_6' title='bbox 401 613 470 676; x_wconf 77' lang='lat'><strong>127.</strong></span> <span class='ocrx_word' id='word_1_7' title='bbox 492 607 707 689; x_wconf 64' lang='lat' dir='ltr'><strong>leudesindae</strong></span> <span class='ocrx_word' id='word_1_8' title='bbox 724 606 853 690; x_wconf 72' lang='grc' dir='ltr'><strong>λίμνης]</strong></span> <span class='ocrx_word' id='word_1_9' title='bbox 881 605 1056 691; x_wconf 68' lang='grc' dir='ltr'><strong><em>Σερβωνίδος</em></strong></span> <span class='ocrx_word' id='word_1_10' title='bbox 1072 604 1201 691; x_wconf 76' lang='lat' dir='ltr'><strong>Aegypti</strong></span> <span class='ocrx_word' id='word_1_11' title='bbox 1217 609 1316 670; x_wconf 83' lang='lat' dir='ltr'><strong>lacum</strong></span> 
     </span>
     <span class='ocr_line' id='line_1_3' title="bbox 228 692 600 758; baseline -0.013 -3"><span class='ocrx_word' id='word_1_12' title='bbox 228 704 371 755; x_wconf 86' lang='lat' dir='ltr'><strong>memorat</strong></span> <span class='ocrx_word' id='word_1_13' title='bbox 384 692 490 752; x_wconf 83' lang='lat' dir='ltr'><strong>Strabo</strong></span> <span class='ocrx_word' id='word_1_14' title='bbox 503 692 555 752; x_wconf 90' lang='lat' dir='ltr'><strong>lib.</strong></span> <span class='ocrx_word' id='word_1_15' title='bbox 573 698 600 758; x_wconf 99' lang='grc'><strong>1.</strong></span> 
     </span>
    </p>

    <p class='ocr_par' dir='ltr' id='par_1_3' title="bbox 226 771 1318 1027">
     <span class='ocr_line' id='line_1_4' title="bbox 314 771 1318 861; baseline 0.002 -23"><span class='ocrx_word' id='word_1_16' title='bbox 314 780 377 856; x_wconf 82' lang='lat' dir='ltr'><strong>Peg.</strong></span> <span class='ocrx_word' id='word_1_17' title='bbox 402 780 471 844; x_wconf 85' lang='lat'><strong>130.</strong></span> <span class='ocrx_word' id='word_1_18' title='bbox 490 771 587 860; x_wconf 76' lang='grc' dir='ltr'><strong><em>Ἱοθδρ</em></strong></span> <span class='ocrx_word' id='word_1_19' title='bbox 608 771 743 861; x_wconf 76' lang='grc' dir='ltr'><strong><em>γομβρός</em></strong></span> <span class='ocrx_word' id='word_1_20' title='bbox 763 774 924 858; x_wconf 80' lang='grc' dir='ltr'><strong><em>Μωσέως]</em></strong></span> <span class='ocrx_word' id='word_1_21' title='bbox 957 776 1068 838; x_wconf 85' lang='lat' dir='ltr'><strong>Uxoris</strong></span> <span class='ocrx_word' id='word_1_22' title='bbox 1085 779 1318 858; x_wconf 82' lang='lat' dir='ltr'><strong>consanguineus</strong></span> 
     </span>
     <span class='ocr_line' id='line_1_5' title="bbox 227 858 1317 946; baseline 0.001 -23"><span class='ocrx_word' id='word_1_23' title='bbox 227 863 324 943; x_wconf 81' lang='lat' dir='ltr'><strong>quivis</strong></span> <span class='ocrx_word' id='word_1_24' title='bbox 342 882 426 922; x_wconf 88' lang='lat' dir='ltr'><strong>socer</strong></span> <span class='ocrx_word' id='word_1_25' title='bbox 438 861 593 938; x_wconf 87' lang='lat' dir='ltr'><strong>videlicet,</strong></span> <span class='ocrx_word' id='word_1_26' title='bbox 615 862 702 932; x_wconf 82' lang='lat' dir='ltr'><strong>levir,</strong></span> <span class='ocrx_word' id='word_1_27' title='bbox 724 881 815 939; x_wconf 85' lang='lat' dir='ltr'><strong>gener</strong></span> <span class='ocrx_word' id='word_1_28' title='bbox 831 872 887 921; x_wconf 86' lang='lat' dir='ltr'><strong>ote.</strong></span> <span class='ocrx_word' id='word_1_29' title='bbox 908 858 1042 946; x_wconf 71' lang='grc' dir='ltr'><strong><em>γαμβρός</em></strong></span> <span class='ocrx_word' id='word_1_30' title='bbox 1056 864 1213 923; x_wconf 83' lang='lat' dir='ltr'><strong>neotericis</strong></span> <span class='ocrx_word' id='word_1_31' title='bbox 1228 865 1317 926; x_wconf 81' lang='lat' dir='ltr'><strong>Gras-</strong></span> 
     </span>
     <span class='ocr_line' id='line_1_6' title="bbox 226 944 938 1027; baseline -0.003 -19"><span class='ocrx_word' id='word_1_32' title='bbox 226 949 286 1020; x_wconf 82' lang='lat' dir='ltr'><strong>cia,</strong></span> <span class='ocrx_word' id='word_1_33' title='bbox 308 946 346 1007; x_wconf 87' lang='lat' dir='ltr'><strong>ds</strong></span> <span class='ocrx_word' id='word_1_34' title='bbox 358 968 418 1026; x_wconf 82' lang='lat' dir='ltr'><strong>quo</strong></span> <span class='ocrx_word' id='word_1_35' title='bbox 431 947 565 1027; x_wconf 86' lang='lat' dir='ltr'><strong>exempla</strong></span> <span class='ocrx_word' id='word_1_36' title='bbox 580 954 645 1005; x_wconf 84' lang='lat' dir='ltr'><strong>toto</strong></span> <span class='ocrx_word' id='word_1_37' title='bbox 660 944 731 1006; x_wconf 89' lang='lat' dir='ltr'><strong>luro</strong></span> <span class='ocrx_word' id='word_1_38' title='bbox 747 948 938 1006; x_wconf 86' lang='lat' dir='ltr'><strong>Graecorum.</strong></span> 
     </span>
    </p>

    <p class='ocr_par' dir='ltr' id='par_1_4' title="bbox 224 1023 1320 1344">
     <span class='ocr_line' id='line_1_7' title="bbox 308 1023 1318 1116; baseline 0.003 -25"><span class='ocrx_word' id='word_1_39' title='bbox 308 1033 377 1109; x_wconf 87' lang='lat' dir='ltr'><strong>Pag.</strong></span> <span class='ocrx_word' id='word_1_40' title='bbox 401 1032 470 1099; x_wconf 72' lang='grc'><strong>147.</strong></span> <span class='ocrx_word' id='word_1_41' title='bbox 497 1035 558 1094; x_wconf 84' lang='grc' dir='ltr'><strong><em>Τοῦ</em></strong></span> <span class='ocrx_word' id='word_1_42' title='bbox 576 1027 610 1091; x_wconf 77' lang='grc' dir='ltr'><strong>δὲ</strong></span> <span class='ocrx_word' id='word_1_43' title='bbox 632 1024 746 1110; x_wconf 80' lang='grc' dir='ltr'><strong><em>κόσμον</em></strong></span> <span class='ocrx_word' id='word_1_44' title='bbox 763 1023 806 1110; x_wconf 76' lang='grc' dir='ltr'><strong>ἦν</strong></span> <span class='ocrx_word' id='word_1_45' title='bbox 825 1030 889 1105; x_wconf 78' lang='grc' dir='ltr'><strong><em>ἔτος</em></strong></span> <span class='ocrx_word' id='word_1_46' title='bbox 906 1026 1026 1116; x_wconf 54' lang='lat' dir='ltr'><strong>wid]</strong></span> <span class='ocrx_word' id='word_1_47' title='bbox 1046 1028 1212 1091; x_wconf 66' lang='lat' dir='ltr'><strong>interioris</strong></span> <span class='ocrx_word' id='word_1_48' title='bbox 1229 1032 1318 1094; x_wconf 86' lang='lat' dir='ltr'><strong>later·</strong></span> 
     </span>
     <span class='ocr_line' id='line_1_8' title="bbox 226 1113 1320 1196; baseline -0.002 -18"><span class='ocrx_word' id='word_1_49' title='bbox 226 1115 289 1178; x_wconf 82' lang='lat' dir='ltr'><strong>culi</strong></span> <span class='ocrx_word' id='word_1_50' title='bbox 315 1125 490 1196; x_wconf 86' lang='lat' dir='ltr'><strong>computus,</strong></span> <span class='ocrx_word' id='word_1_51' title='bbox 519 1125 548 1176; x_wconf 87' lang='lat' dir='ltr'><strong>et</strong></span> <span class='ocrx_word' id='word_1_52' title='bbox 575 1113 737 1174; x_wconf 87' lang='lat' dir='ltr'><strong>Cbebronis</strong></span> <span class='ocrx_word' id='word_1_53' title='bbox 764 1114 854 1176; x_wconf 83' lang='lat' dir='ltr'><strong>buius</strong></span> <span class='ocrx_word' id='word_1_54' title='bbox 880 1115 1024 1175; x_wconf 80' lang='lat' dir='ltr'><strong>tredecim</strong></span> <span class='ocrx_word' id='word_1_55' title='bbox 1054 1116 1126 1175; x_wconf 88' lang='lat' dir='ltr'><strong>anni</strong></span> <span class='ocrx_word' id='word_1_56' title='bbox 1151 1117 1184 1175; x_wconf 86' lang='lat' dir='ltr'><strong>in</strong></span> <span class='ocrx_word' id='word_1_57' title='bbox 1213 1116 1320 1176; x_wconf 89' lang='lat' dir='ltr'><strong>mundi</strong></span> 
     </span>
     <span class='ocr_line' id='line_1_9' title="bbox 225 1198 1320 1282; baseline -0.004 -16"><span class='ocrx_word' id='word_1_58' title='bbox 225 1201 318 1266; x_wconf 77' lang='lat'><strong>3774.</strong></span> <span class='ocrx_word' id='word_1_59' title='bbox 348 1199 527 1280; x_wconf 83' lang='lat' dir='ltr'><strong>detinentes,</strong></span> <span class='ocrx_word' id='word_1_60' title='bbox 561 1198 624 1260; x_wconf 87' lang='lat' dir='ltr'><strong>eius</strong></span> <span class='ocrx_word' id='word_1_61' title='bbox 647 1200 732 1279; x_wconf 86' lang='lat' dir='ltr'><strong>regui</strong></span> <span class='ocrx_word' id='word_1_62' title='bbox 758 1200 942 1282; x_wconf 82' lang='lat' dir='ltr'><strong>principium</strong></span> <span class='ocrx_word' id='word_1_63' title='bbox 968 1200 1074 1260; x_wconf 88' lang='lat' dir='ltr'><strong>mundi</strong></span> <span class='ocrx_word' id='word_1_64' title='bbox 1094 1204 1187 1268; x_wconf 78' lang='lat'><strong>3762.</strong></span> <span class='ocrx_word' id='word_1_65' title='bbox 1209 1209 1320 1280; x_wconf 87' lang='lat' dir='ltr'><strong>coguut</strong></span> 
     </span>
     <span class='ocr_line' id='line_1_10' title="bbox 224 1292 363 1344; baseline 0 0"><span class='ocrx_word' id='word_1_66' title='bbox 224 1292 363 1344; x_wconf 79' lang='lat' dir='ltr'><strong>statuere.</strong></span> 
     </span>
    </p>

    <p class='ocr_par' dir='ltr' id='par_1_5' title="bbox 220 1361 1328 2714">
     <span class='ocr_line' id='line_1_11' title="bbox 310 1361 1318 1451; baseline 0 -21"><span class='ocrx_word' id='word_1_67' title='bbox 310 1368 455 1448; x_wconf 80' lang='grc' dir='ltr'><strong><em>Θηβαίων</em></strong></span> <span class='ocrx_word' id='word_1_68' title='bbox 473 1361 526 1439; x_wconf 73' lang='grc' dir='ltr'><strong>λς’.</strong></span> <span class='ocrx_word' id='word_1_69' title='bbox 548 1364 762 1451; x_wconf 74' lang='grc' dir='ltr'><strong>ἐβασίλευσεν]</strong></span> <span class='ocrx_word' id='word_1_70' title='bbox 791 1367 994 1429; x_wconf 77' lang='lat' dir='ltr'>Thebaeorum</span> <span class='ocrx_word' id='word_1_71' title='bbox 1014 1390 1118 1448; x_wconf 87' lang='lat' dir='ltr'><strong>regum</strong></span> <span class='ocrx_word' id='word_1_72' title='bbox 1142 1368 1247 1431; x_wconf 88' lang='lat' dir='ltr'><strong>ordine</strong></span> <span class='ocrx_word' id='word_1_73' title='bbox 1265 1372 1318 1436; x_wconf 85' lang='lat'><strong>36.</strong></span> 
     </span>
     <span class='ocr_line' id='line_1_12' title="bbox 225 1451 1317 1534; baseline -0.002 -22"><span class='ocrx_word' id='word_1_74' title='bbox 225 1451 307 1512; x_wconf 88' lang='lat' dir='ltr'><strong>deest</strong></span> <span class='ocrx_word' id='word_1_75' title='bbox 327 1452 360 1511; x_wconf 90' lang='lat' dir='ltr'><strong>in</strong></span> <span class='ocrx_word' id='word_1_76' title='bbox 375 1455 437 1514; x_wconf 86' lang='lat' dir='ltr'><strong>MS.</strong></span> <span class='ocrx_word' id='word_1_77' title='bbox 461 1452 640 1512; x_wconf 74' lang='lat' dir='ltr'>laterculum</span> <span class='ocrx_word' id='word_1_78' title='bbox 655 1453 735 1513; x_wconf 87' lang='lat' dir='ltr'><strong>enim</strong></span> <span class='ocrx_word' id='word_1_79' title='bbox 756 1456 936 1534; x_wconf 86' lang='lat' dir='ltr'><strong>praecedens</strong></span> <span class='ocrx_word' id='word_1_80' title='bbox 955 1456 1072 1533; x_wconf 78' lang='lat' dir='ltr'><strong>p.124.</strong></span> <span class='ocrx_word' id='word_1_81' title='bbox 1089 1455 1121 1513; x_wconf 90' lang='lat' dir='ltr'><strong>in</strong></span> <span class='ocrx_word' id='word_1_82' title='bbox 1133 1455 1186 1520; x_wconf 86' lang='lat'><strong>36.</strong></span> <span class='ocrx_word' id='word_1_83' title='bbox 1207 1452 1317 1516; x_wconf 85' lang='lat' dir='ltr'><strong>deficit.</strong></span> 
     </span>
     <span class='ocr_line' id='line_1_13' title="bbox 223 1537 1319 1618; baseline -0.001 -19"><span class='ocrx_word' id='word_1_84' title='bbox 223 1537 388 1618; x_wconf 84' lang='lat' dir='ltr'><strong>Praesentis</strong></span> <span class='ocrx_word' id='word_1_85' title='bbox 396 1537 545 1617; x_wconf 77' lang='lat' dir='ltr'><strong>Anonymi</strong></span> <span class='ocrx_word' id='word_1_86' title='bbox 557 1539 635 1598; x_wconf 85' lang='lat' dir='ltr'><strong>inter</strong></span> <span class='ocrx_word' id='word_1_87' title='bbox 647 1537 771 1598; x_wconf 84' lang='lat' dir='ltr'><strong>lacunae</strong></span> <span class='ocrx_word' id='word_1_88' title='bbox 779 1540 960 1618; x_wconf 88' lang='lat' dir='ltr'><strong>reparandae</strong></span> <span class='ocrx_word' id='word_1_89' title='bbox 967 1540 1167 1599; x_wconf 84' lang='lat' dir='ltr'><strong>coniecturam</strong></span> <span class='ocrx_word' id='word_1_90' title='bbox 1180 1537 1319 1598; x_wconf 83' lang='lat' dir='ltr'><strong>struendi</strong></span> 
     </span>
     <span class='ocr_line' id='line_1_14' title="bbox 224 1622 1318 1702; baseline 0.001 -20"><span class='ocrx_word' id='word_1_91' title='bbox 224 1623 373 1702; x_wconf 87' lang='lat' dir='ltr'><strong>sequentis</strong></span> <span class='ocrx_word' id='word_1_92' title='bbox 390 1623 526 1684; x_wconf 75' lang='lat' dir='ltr'><strong>tenebras</strong></span> <span class='ocrx_word' id='word_1_93' title='bbox 543 1643 654 1683; x_wconf 85' lang='lat' dir='ltr'><strong>vaenor</strong></span> <span class='ocrx_word' id='word_1_94' title='bbox 667 1643 761 1682; x_wconf 90' lang='lat' dir='ltr'><strong>annos</strong></span> <span class='ocrx_word' id='word_1_95' title='bbox 772 1623 806 1681; x_wconf 93' lang='lat' dir='ltr'><strong>in</strong></span> <span class='ocrx_word' id='word_1_96' title='bbox 820 1622 902 1683; x_wconf 84' lang='lat' dir='ltr'><strong>bmro</strong></span> <span class='ocrx_word' id='word_1_97' title='bbox 916 1631 1048 1686; x_wconf 87' lang='lat' dir='ltr'><strong>modum.</strong></span> <span class='ocrx_word' id='word_1_98' title='bbox 1073 1622 1318 1699; x_wconf 78' lang='lat' dir='ltr'><strong>Amathontseus,</strong></span> 
     </span>
     <span class='ocr_line' id='line_1_15' title="bbox 225 1706 1320 1785; baseline -0.001 -20"><span class='ocrx_word' id='word_1_99' title='bbox 225 1706 264 1766; x_wconf 90' lang='lat' dir='ltr'><strong>ad</strong></span> <span class='ocrx_word' id='word_1_100' title='bbox 287 1727 375 1784; x_wconf 83' lang='lat' dir='ltr'><strong>quem</strong></span> <span class='ocrx_word' id='word_1_101' title='bbox 396 1726 427 1764; x_wconf 87' lang='lat' dir='ltr'><strong>se</strong></span> <span class='ocrx_word' id='word_1_102' title='bbox 449 1708 539 1765; x_wconf 90' lang='lat' dir='ltr'><strong>modo</strong></span> <span class='ocrx_word' id='word_1_103' title='bbox 562 1727 659 1765; x_wconf 87' lang='lat' dir='ltr'><strong>sermo</strong></span> <span class='ocrx_word' id='word_1_104' title='bbox 675 1716 846 1781; x_wconf 84' lang='lat' dir='ltr'><strong>convertet,</strong></span> <span class='ocrx_word' id='word_1_105' title='bbox 874 1727 997 1784; x_wconf 87' lang='lat' dir='ltr'><strong>regnum</strong></span> <span class='ocrx_word' id='word_1_106' title='bbox 1011 1706 1167 1767; x_wconf 78' lang='lat' dir='ltr'>inchoavit</span> <span class='ocrx_word' id='word_1_107' title='bbox 1186 1706 1320 1785; x_wconf 79' lang='lat' dir='ltr'><strong>vulgaris</strong></span> 
     </span>
     <span class='ocr_line' id='line_1_16' title="bbox 223 1789 1319 1868; baseline -0.002 -19"><span class='ocrx_word' id='word_1_108' title='bbox 223 1789 331 1849; x_wconf 90' lang='lat' dir='ltr'><strong>mundi</strong></span> <span class='ocrx_word' id='word_1_109' title='bbox 352 1809 436 1848; x_wconf 85' lang='lat' dir='ltr'><strong>aerae</strong></span> <span class='ocrx_word' id='word_1_110' title='bbox 449 1792 541 1856; x_wconf 85' lang='grc'><strong>3913.</strong></span> <span class='ocrx_word' id='word_1_111' title='bbox 557 1809 650 1867; x_wconf 80' lang='lat' dir='ltr'><strong>eoquo</strong></span> <span class='ocrx_word' id='word_1_112' title='bbox 664 1793 715 1855; x_wconf 87' lang='lat'><strong>63.</strong></span> <span class='ocrx_word' id='word_1_113' title='bbox 729 1789 815 1847; x_wconf 87' lang='lat' dir='ltr'><strong>annis</strong></span> <span class='ocrx_word' id='word_1_114' title='bbox 834 1790 968 1868; x_wconf 79' lang='lat' dir='ltr'><strong>potitus,</strong></span> <span class='ocrx_word' id='word_1_115' title='bbox 986 1809 1107 1867; x_wconf 88' lang='lat' dir='ltr'><strong>regnare</strong></span> <span class='ocrx_word' id='word_1_116' title='bbox 1128 1790 1218 1849; x_wconf 89' lang='lat' dir='ltr'><strong>desiit</strong></span> <span class='ocrx_word' id='word_1_117' title='bbox 1238 1808 1319 1848; x_wconf 85' lang='lat' dir='ltr'><strong>sano</strong></span> 
     </span>
     <span class='ocr_line' id='line_1_17' title="bbox 224 1872 1320 1954; baseline -0.009 -12"><span class='ocrx_word' id='word_1_118' title='bbox 224 1875 318 1941; x_wconf 81' lang='lat'><strong>3974.</strong></span> <span class='ocrx_word' id='word_1_119' title='bbox 339 1873 501 1954; x_wconf 87' lang='lat' dir='ltr'><strong>completo.</strong></span> <span class='ocrx_word' id='word_1_120' title='bbox 545 1874 608 1932; x_wconf 87' lang='lat' dir='ltr'><strong>&#39;l&#39;ali</strong></span> <span class='ocrx_word' id='word_1_121' title='bbox 631 1873 700 1933; x_wconf 85' lang='lat' dir='ltr'><strong>data</strong></span> <span class='ocrx_word' id='word_1_122' title='bbox 727 1872 855 1954; x_wconf 77' lang='lat' dir='ltr'><strong>epocha:</strong></span> <span class='ocrx_word' id='word_1_123' title='bbox 882 1874 969 1933; x_wconf 87' lang='lat' dir='ltr'><strong>Nilus</strong></span> <span class='ocrx_word' id='word_1_124' title='bbox 991 1895 1179 1954; x_wconf 85' lang='lat' dir='ltr'><strong>praecessor,</strong></span> <span class='ocrx_word' id='word_1_125' title='bbox 1211 1873 1265 1953; x_wconf 86' lang='lat' dir='ltr'><strong>qui</strong></span> <span class='ocrx_word' id='word_1_126' title='bbox 1288 1881 1320 1933; x_wconf 85' lang='lat' dir='ltr'><strong>et</strong></span> 
     </span>
     <span class='ocr_line' id='line_1_18' title="bbox 222 1954 1328 2040; baseline -0.003 -21"><span class='ocrx_word' id='word_1_127' title='bbox 222 1956 383 2036; x_wconf 37' lang='lat' dir='ltr'><strong>Passioni</strong></span> <span class='ocrx_word' id='word_1_128' title='bbox 409 1958 540 2038; x_wconf 87' lang='lat' dir='ltr'><strong>quiaque</strong></span> <span class='ocrx_word' id='word_1_129' title='bbox 560 1958 646 2017; x_wconf 90' lang='lat' dir='ltr'><strong>anuis</strong></span> <span class='ocrx_word' id='word_1_130' title='bbox 675 1969 791 2039; x_wconf 83' lang='lat' dir='ltr'><strong>sceptra</strong></span> <span class='ocrx_word' id='word_1_131' title='bbox 814 1958 1000 2032; x_wconf 86' lang='lat' dir='ltr'><strong>moderatus,</strong></span> <span class='ocrx_word' id='word_1_132' title='bbox 1028 1959 1067 2018; x_wconf 88' lang='lat' dir='ltr'><strong>ad</strong></span> <span class='ocrx_word' id='word_1_133' title='bbox 1084 1963 1122 2018; x_wconf 83' lang='lat' dir='ltr'><strong>&#39;ea</strong></span> <span class='ocrx_word' id='word_1_134' title='bbox 1140 1954 1328 2040; x_wconf 81' lang='lat' dir='ltr'><strong>capessenda</strong></span> 
     </span>
     <span class='ocr_line' id='line_1_19' title="bbox 223 2036 1319 2128; baseline 0 -24"><span class='ocrx_word' id='word_1_135' title='bbox 223 2051 346 2104; x_wconf 79' lang='lat' dir='ltr'><strong>vocatus</strong></span> <span class='ocrx_word' id='word_1_136' title='bbox 368 2051 413 2102; x_wconf 86' lang='lat' dir='ltr'><strong>est</strong></span> <span class='ocrx_word' id='word_1_137' title='bbox 431 2063 509 2102; x_wconf 87' lang='lat' dir='ltr'><strong>anno</strong></span> <span class='ocrx_word' id='word_1_138' title='bbox 535 2045 629 2110; x_wconf 87' lang='lat'><strong>3908.</strong></span> <span class='ocrx_word' id='word_1_139' title='bbox 659 2041 730 2122; x_wconf 89' lang='lat' dir='ltr'><strong>(quo</strong></span> <span class='ocrx_word' id='word_1_140' title='bbox 754 2043 872 2102; x_wconf 89' lang='lat' dir='ltr'><strong>calculo</strong></span> <span class='ocrx_word' id='word_1_141' title='bbox 893 2036 1010 2128; x_wconf 51' lang='grc' dir='ltr'><strong><em>,γωπθῖ</em></strong></span> <span class='ocrx_word' id='word_1_142' title='bbox 1031 2043 1173 2104; x_wconf 89' lang='lat' dir='ltr'><strong>mendum</strong></span> <span class='ocrx_word' id='word_1_143' title='bbox 1192 2043 1225 2102; x_wconf 90' lang='lat' dir='ltr'><strong>in</strong></span> <span class='ocrx_word' id='word_1_144' title='bbox 1247 2063 1319 2104; x_wconf 88' lang='lat' dir='ltr'><strong>eor-</strong></span> 
     </span>
     <span class='ocr_line' id='line_1_20' title="bbox 221 2122 1319 2211; baseline -0.001 -23"><span class='ocrx_word' id='word_1_145' title='bbox 221 2137 337 2195; x_wconf 88' lang='lat' dir='ltr'><strong>reetum</strong></span> <span class='ocrx_word' id='word_1_146' title='bbox 352 2137 469 2189; x_wconf 85' lang='lat' dir='ltr'><strong>textum</strong></span> <span class='ocrx_word' id='word_1_147' title='bbox 486 2136 517 2187; x_wconf 88' lang='lat' dir='ltr'><strong>et</strong></span> <span class='ocrx_word' id='word_1_148' title='bbox 533 2146 690 2188; x_wconf 86' lang='lat' dir='ltr'><strong>numerum</strong></span> <span class='ocrx_word' id='word_1_149' title='bbox 700 2122 801 2211; x_wconf 65' lang='lat' dir='ltr'><strong>flod·</strong></span> <span class='ocrx_word' id='word_1_150' title='bbox 816 2126 1027 2209; x_wconf 83' lang='lat' dir='ltr'><strong>commutatur)</strong></span> <span class='ocrx_word' id='word_1_151' title='bbox 1044 2125 1153 2188; x_wconf 88' lang='lat' dir='ltr'><strong>borum</strong></span> <span class='ocrx_word' id='word_1_152' title='bbox 1166 2128 1319 2208; x_wconf 87' lang='lat' dir='ltr'><strong>posterio-</strong></span> 
     </span>
     <span class='ocr_line' id='line_1_21' title="bbox 221 2211 1317 2293; baseline -0.001 -21"><span class='ocrx_word' id='word_1_153' title='bbox 221 2233 290 2272; x_wconf 87' lang='lat' dir='ltr'><strong>rum</strong></span> <span class='ocrx_word' id='word_1_154' title='bbox 303 2213 454 2272; x_wconf 84' lang='lat' dir='ltr'><strong>mentioue</strong></span> <span class='ocrx_word' id='word_1_155' title='bbox 467 2213 606 2290; x_wconf 82' lang='lat' dir='ltr'><strong>seposita,</strong></span> <span class='ocrx_word' id='word_1_156' title='bbox 628 2211 753 2291; x_wconf 82' lang='lat' dir='ltr'><strong>Sipboss</strong></span> <span class='ocrx_word' id='word_1_157' title='bbox 770 2213 830 2293; x_wconf 66' lang='lat' dir='ltr'><strong>³qui</strong></span> <span class='ocrx_word' id='word_1_158' title='bbox 847 2212 952 2273; x_wconf 88' lang='lat' dir='ltr'><strong>ordine</strong></span> <span class='ocrx_word' id='word_1_159' title='bbox 966 2214 1018 2278; x_wconf 85' lang='grc'><strong>36.</strong></span> <span class='ocrx_word' id='word_1_160' title='bbox 1033 2213 1132 2292; x_wconf 85' lang='lat' dir='ltr'><strong>pagin.</strong></span> <span class='ocrx_word' id='word_1_161' title='bbox 1146 2214 1217 2279; x_wconf 80' lang='lat'><strong>124.</strong></span> <span class='ocrx_word' id='word_1_162' title='bbox 1232 2212 1268 2273; x_wconf 79' lang='grc' dir='ltr'><strong>Α.</strong></span> <span class='ocrx_word' id='word_1_163' title='bbox 1280 2211 1317 2271; x_wconf 87' lang='lat' dir='ltr'><strong>sb</strong></span> 
     </span>
     <span class='ocr_line' id='line_1_22' title="bbox 222 2296 1318 2378; baseline 0.001 -21"><span class='ocrx_word' id='word_1_164' title='bbox 222 2297 294 2357; x_wconf 85' lang='lat' dir='ltr'><strong>orbe</strong></span> <span class='ocrx_word' id='word_1_165' title='bbox 316 2296 439 2355; x_wconf 82' lang='lat' dir='ltr'><strong>cossdito</strong></span> <span class='ocrx_word' id='word_1_166' title='bbox 462 2299 555 2364; x_wconf 88' lang='grc'><strong>3889.</strong></span> <span class='ocrx_word' id='word_1_167' title='bbox 576 2316 703 2374; x_wconf 84' lang='lat' dir='ltr'><strong>regumn</strong></span> <span class='ocrx_word' id='word_1_168' title='bbox 723 2297 865 2378; x_wconf 84' lang='lat' dir='ltr'><strong>adeptus,</strong></span> <span class='ocrx_word' id='word_1_169' title='bbox 894 2297 1026 2378; x_wconf 77' lang='lat' dir='ltr'><strong>quinque</strong></span> <span class='ocrx_word' id='word_1_170' title='bbox 1047 2296 1133 2357; x_wconf 84' lang='lat' dir='ltr'><strong>annis</strong></span> <span class='ocrx_word' id='word_1_171' title='bbox 1158 2296 1318 2358; x_wconf 73' lang='lat' dir='ltr'><strong>tenuitati</strong></span> 
     </span>
     <span class='ocr_line' id='line_1_23' title="bbox 221 2380 1318 2462; baseline -0.007 -13"><span class='ocrx_word' id='word_1_172' title='bbox 221 2380 314 2450; x_wconf 83' lang='grc'><strong>3894.</strong></span> <span class='ocrx_word' id='word_1_173' title='bbox 336 2401 396 2462; x_wconf 86' lang='lat' dir='ltr'><strong>quo</strong></span> <span class='ocrx_word' id='word_1_174' title='bbox 419 2381 612 2461; x_wconf 80' lang='lat' dir='ltr'><strong>Anonymus‚</strong></span> <span class='ocrx_word' id='word_1_175' title='bbox 635 2382 751 2462; x_wconf 88' lang='lat' dir='ltr'><strong>dequo</strong></span> <span class='ocrx_word' id='word_1_176' title='bbox 775 2403 889 2459; x_wconf 85' lang='lat' dir='ltr'><strong>sermo,</strong></span> <span class='ocrx_word' id='word_1_177' title='bbox 918 2381 1021 2442; x_wconf 87' lang='lat' dir='ltr'><strong>debuit</strong></span> <span class='ocrx_word' id='word_1_178' title='bbox 1040 2384 1150 2460; x_wconf 84' lang='lat' dir='ltr'><strong>regiam</strong></span> <span class='ocrx_word' id='word_1_179' title='bbox 1169 2398 1318 2462; x_wconf 81' lang='lat' dir='ltr'><strong>occupare</strong></span> 
     </span>
     <span class='ocr_line' id='line_1_24' title="bbox 220 2466 1318 2548; baseline 0 -22"><span class='ocrx_word' id='word_1_180' title='bbox 220 2467 339 2542; x_wconf 87' lang='lat' dir='ltr'><strong>sedem,</strong></span> <span class='ocrx_word' id='word_1_181' title='bbox 360 2467 394 2525; x_wconf 90' lang='lat' dir='ltr'><strong>in</strong></span> <span class='ocrx_word' id='word_1_182' title='bbox 406 2486 465 2547; x_wconf 86' lang='lat' dir='ltr'><strong>qua</strong></span> <span class='ocrx_word' id='word_1_183' title='bbox 483 2486 551 2526; x_wconf 91' lang='lat' dir='ltr'><strong>cum</strong></span> <span class='ocrx_word' id='word_1_184' title='bbox 564 2466 679 2526; x_wconf 87' lang='lat' dir='ltr'><strong>sd-Nili</strong></span> <span class='ocrx_word' id='word_1_185' title='bbox 694 2467 822 2546; x_wconf 88' lang='lat' dir='ltr'><strong>primum</strong></span> <span class='ocrx_word' id='word_1_186' title='bbox 837 2486 949 2526; x_wconf 88' lang='lat' dir='ltr'><strong>annum</strong></span> <span class='ocrx_word' id='word_1_187' title='bbox 963 2477 993 2527; x_wconf 91' lang='lat' dir='ltr'><strong>et</strong></span> <span class='ocrx_word' id='word_1_188' title='bbox 1004 2467 1109 2526; x_wconf 88' lang='lat' dir='ltr'><strong>mundi</strong></span> <span class='ocrx_word' id='word_1_189' title='bbox 1125 2469 1217 2535; x_wconf 85' lang='lat'><strong>3908.</strong></span> <span class='ocrx_word' id='word_1_190' title='bbox 1229 2476 1318 2548; x_wconf 82' lang='lat' dir='ltr'><strong>pote·</strong></span> 
     </span>
     <span class='ocr_line' id='line_1_25' title="bbox 221 2551 1319 2647; baseline 0.004 -37"><span class='ocrx_word' id='word_1_191' title='bbox 221 2559 327 2647; x_wconf 69' lang='lat' dir='ltr'><strong>statem</strong></span> <span class='ocrx_word' id='word_1_192' title='bbox 354 2551 539 2631; x_wconf 85' lang='lat' dir='ltr'><strong>exercuerit,</strong></span> <span class='ocrx_word' id='word_1_193' title='bbox 565 2551 746 2633; x_wconf 78' lang='lat' dir='ltr'>relinquitur</span> <span class='ocrx_word' id='word_1_194' title='bbox 767 2552 840 2615; x_wconf 86' lang='lat' dir='ltr'><strong>totis</strong></span> <span class='ocrx_word' id='word_1_195' title='bbox 858 2552 964 2612; x_wconf 89' lang='lat' dir='ltr'><strong>mediis</strong></span> <span class='ocrx_word' id='word_1_196' title='bbox 986 2552 1213 2634; x_wconf 85' lang='lat' dir='ltr'><strong>quatuordecim</strong></span> <span class='ocrx_word' id='word_1_197' title='bbox 1232 2551 1319 2614; x_wconf 77' lang='lat' dir='ltr'><strong>anuis</strong></span> 
     </span>
     <span class='ocr_line' id='line_1_26' title="bbox 220 2653 391 2714; baseline 0.006 -20"><span class='ocrx_word' id='word_1_198' title='bbox 220 2653 391 2714; x_wconf 74' lang='lat' dir='ltr'><strong>smperssse.</strong></span> 
     </span>
    </p>

    <p class='ocr_par' dir='ltr' id='par_1_6' title="bbox 219 2714 1321 3543">
     <span class='ocr_line' id='line_1_27' title="bbox 306 2714 1319 2800; baseline -0.001 -19"><span class='ocrx_word' id='word_1_199' title='bbox 306 2714 544 2800; x_wconf 78' lang='grc' dir='ltr'><strong><em>Ἐρατοσθένης]</em></strong></span> <span class='ocrx_word' id='word_1_200' title='bbox 571 2719 792 2800; x_wconf 84' lang='lat' dir='ltr'><strong>Philosophus,</strong></span> <span class='ocrx_word' id='word_1_201' title='bbox 818 2718 1003 2795; x_wconf 86' lang='lat' dir='ltr'><strong>Historieus,</strong></span> <span class='ocrx_word' id='word_1_202' title='bbox 1031 2720 1139 2796; x_wconf 83' lang='lat' dir='ltr'><strong>Poeta,</strong></span> <span class='ocrx_word' id='word_1_203' title='bbox 1161 2722 1319 2780; x_wconf 87' lang='lat' dir='ltr'><strong>Gramma-</strong></span> 
     </span>
     <span class='ocr_line' id='line_1_28' title="bbox 220 2800 1319 2885; baseline 0.002 -24"><span class='ocrx_word' id='word_1_204' title='bbox 220 2800 317 2861; x_wconf 85' lang='lat' dir='ltr'><strong>ticus:</strong></span> <span class='ocrx_word' id='word_1_205' title='bbox 340 2804 377 2862; x_wconf 91' lang='lat' dir='ltr'><strong>de</strong></span> <span class='ocrx_word' id='word_1_206' title='bbox 392 2823 452 2884; x_wconf 85' lang='lat' dir='ltr'><strong>quo</strong></span> <span class='ocrx_word' id='word_1_207' title='bbox 465 2803 584 2864; x_wconf 79' lang='lat' dir='ltr'><strong>Aulbor</strong></span> <span class='ocrx_word' id='word_1_208' title='bbox 600 2822 666 2884; x_wconf 88' lang='lat' dir='ltr'><strong>pag.</strong></span> <span class='ocrx_word' id='word_1_209' title='bbox 680 2809 751 2871; x_wconf 73' lang='lat'><strong>232.</strong></span> <span class='ocrx_word' id='word_1_210' title='bbox 767 2805 801 2869; x_wconf 89' lang='lat' dir='ltr'><strong>B.</strong></span> <span class='ocrx_word' id='word_1_211' title='bbox 813 2804 960 2866; x_wconf 85' lang='lat' dir='ltr'><strong>Eusebius</strong></span> <span class='ocrx_word' id='word_1_212' title='bbox 972 2804 1011 2864; x_wconf 87' lang='lat' dir='ltr'><strong>ad</strong></span> <span class='ocrx_word' id='word_1_213' title='bbox 1020 2805 1229 2885; x_wconf 63' lang='lat' dir='ltr'><strong>Olympiadem</strong></span> <span class='ocrx_word' id='word_1_214' title='bbox 1247 2810 1319 2873; x_wconf 78' lang='grc'><strong>141.</strong></span> 
     </span>
     <span class='ocr_line' id='line_1_29' title="bbox 222 2887 1319 2970; baseline 0.004 -24"><span class='ocrx_word' id='word_1_215' title='bbox 222 2906 279 2966; x_wconf 88' lang='lat' dir='ltr'><strong>qua</strong></span> <span class='ocrx_word' id='word_1_216' title='bbox 289 2887 424 2948; x_wconf 85' lang='lat' dir='ltr'><strong>floruisse</strong></span> <span class='ocrx_word' id='word_1_217' title='bbox 431 2888 553 2949; x_wconf 82' lang='lat' dir='ltr'><strong>scribit:</strong></span> <span class='ocrx_word' id='word_1_218' title='bbox 569 2889 676 2949; x_wconf 81' lang='lat' dir='ltr'><strong>suidas</strong></span> <span class='ocrx_word' id='word_1_219' title='bbox 691 2894 761 2956; x_wconf 81' lang='lat'><strong>126.</strong></span> <span class='ocrx_word' id='word_1_220' title='bbox 785 2891 899 2969; x_wconf 85' lang='lat' dir='ltr'><strong>Cyrene</strong></span> <span class='ocrx_word' id='word_1_221' title='bbox 913 2889 959 2949; x_wconf 91' lang='lat' dir='ltr'><strong>illi</strong></span> <span class='ocrx_word' id='word_1_222' title='bbox 971 2891 1085 2969; x_wconf 77' lang='lat' dir='ltr'><strong>patria:</strong></span> <span class='ocrx_word' id='word_1_223' title='bbox 1124 2901 1187 2953; x_wconf 88' lang='lat' dir='ltr'><strong>ater</strong></span> <span class='ocrx_word' id='word_1_224' title='bbox 1198 2892 1319 2970; x_wconf 80' lang='lat' dir='ltr'><strong>Aglaus‚</strong></span> 
     </span>
     <span class='ocr_line' id='line_1_30' title="bbox 219 2911 1321 3056; baseline 0.003 -25"><span class='ocrx_word' id='word_1_225' title='bbox 219 2973 270 3031; x_wconf 85' lang='lat' dir='ltr'><strong>vel</strong></span> <span class='ocrx_word' id='word_1_226' title='bbox 293 2980 328 3031; x_wconf 86' lang='lat' dir='ltr'><strong>ut</strong></span> <span class='ocrx_word' id='word_1_227' title='bbox 343 2972 395 3032; x_wconf 88' lang='lat' dir='ltr'><strong>alii</strong></span> <span class='ocrx_word' id='word_1_228' title='bbox 415 2972 608 3034; x_wconf 71' lang='lat' dir='ltr'><strong>Ambrosius:</strong></span> <span class='ocrx_word' id='word_1_229' title='bbox 637 2973 787 3035; x_wconf 76' lang='lat' dir='ltr'><strong>Aristonis</strong></span> <span class='ocrx_word' id='word_1_230' title='bbox 808 2974 941 3034; x_wconf 77' lang='lat' dir='ltr'>chiensis</span> <span class='ocrx_word' id='word_1_231' title='bbox 961 2911 1156 3055; x_wconf 76' lang='lat' dir='ltr'><strong>Philosoplii,</strong></span> <span class='ocrx_word' id='word_1_232' title='bbox 1175 2975 1321 3056; x_wconf 72' lang='lat' dir='ltr'><strong>Lysaniae</strong></span> 
     </span>
     <span class='ocr_line' id='line_1_31' title="bbox 221 3056 1321 3141; baseline 0.004 -27"><span class='ocrx_word' id='word_1_233' title='bbox 221 3056 402 3133; x_wconf 82' lang='lat' dir='ltr'><strong>Cyrenensis</strong></span> <span class='ocrx_word' id='word_1_234' title='bbox 421 3058 630 3137; x_wconf 87' lang='lat' dir='ltr'><strong>Grammatici,</strong></span> <span class='ocrx_word' id='word_1_235' title='bbox 660 3058 835 3122; x_wconf 79' lang='lat' dir='ltr'><strong>Callimachi</strong></span> <span class='ocrx_word' id='word_1_236' title='bbox 857 3062 965 3120; x_wconf 81' lang='lat' dir='ltr'><strong>Poetae</strong></span> <span class='ocrx_word' id='word_1_237' title='bbox 985 3059 1168 3141; x_wconf 79' lang='lat' dir='ltr'><strong>discipulus:</strong></span> <span class='ocrx_word' id='word_1_238' title='bbox 1196 3061 1321 3119; x_wconf 77' lang='lat' dir='ltr'><strong>Aristo-</strong></span> 
     </span>
     <span class='ocr_line' id='line_1_32' title="bbox 221 3139 1320 3225; baseline 0.006 -28"><span class='ocrx_word' id='word_1_239' title='bbox 221 3139 331 3220; x_wconf 84' lang='lat' dir='ltr'><strong>phanis</strong></span> <span class='ocrx_word' id='word_1_240' title='bbox 344 3143 499 3221; x_wconf 84' lang='lat' dir='ltr'><strong>Byzantii,</strong></span> <span class='ocrx_word' id='word_1_241' title='bbox 520 3144 654 3204; x_wconf 83' lang='lat' dir='ltr'><strong>Mnaseas</strong></span> <span class='ocrx_word' id='word_1_242' title='bbox 672 3152 701 3202; x_wconf 88' lang='lat' dir='ltr'><strong>et</strong></span> <span class='ocrx_word' id='word_1_243' title='bbox 719 3143 874 3204; x_wconf 80' lang='lat' dir='ltr'><strong>Menandri</strong></span> <span class='ocrx_word' id='word_1_244' title='bbox 890 3153 1075 3225; x_wconf 79' lang='lat' dir='ltr'><strong>praeceptor.</strong></span> <span class='ocrx_word' id='word_1_245' title='bbox 1108 3143 1235 3205; x_wconf 78' lang='lat' dir='ltr'><strong>Atestio</strong></span> <span class='ocrx_word' id='word_1_246' title='bbox 1250 3143 1320 3204; x_wconf 86' lang='lat' dir='ltr'><strong>Pto·</strong></span> 
     </span>
     <span class='ocr_line' id='line_1_33' title="bbox 219 3223 1317 3308; baseline 0.003 -23"><span class='ocrx_word' id='word_1_247' title='bbox 219 3223 334 3285; x_wconf 88' lang='lat' dir='ltr'><strong>lemaeo</strong></span> <span class='ocrx_word' id='word_1_248' title='bbox 348 3225 401 3304; x_wconf 92' lang='lat' dir='ltr'><strong>qui</strong></span> <span class='ocrx_word' id='word_1_249' title='bbox 412 3227 572 3307; x_wconf 86' lang='lat' dir='ltr'><strong>Euergetes</strong></span> <span class='ocrx_word' id='word_1_250' title='bbox 584 3228 617 3287; x_wconf 89' lang='lat' dir='ltr'><strong>ia</strong></span> <span class='ocrx_word' id='word_1_251' title='bbox 630 3229 799 3308; x_wconf 77' lang='lat' dir='ltr'><strong>Aegyptum</strong></span> <span class='ocrx_word' id='word_1_252' title='bbox 807 3228 931 3289; x_wconf 79' lang='lat' dir='ltr'><strong>Athenis</strong></span> <span class='ocrx_word' id='word_1_253' title='bbox 945 3239 1113 3304; x_wconf 85' lang='lat' dir='ltr'><strong>revocatus,</strong></span> <span class='ocrx_word' id='word_1_254' title='bbox 1127 3226 1183 3286; x_wconf 83' lang='lat' dir='ltr'><strong>sub</strong></span> <span class='ocrx_word' id='word_1_255' title='bbox 1201 3228 1317 3308; x_wconf 86' lang='lat' dir='ltr'><strong>quinto,</strong></span> 
     </span>
     <span class='ocr_line' id='line_1_34' title="bbox 221 3308 1319 3392; baseline 0.006 -25"><span class='ocrx_word' id='word_1_256' title='bbox 221 3308 273 3390; x_wconf 83' lang='lat' dir='ltr'><strong>qui</strong></span> <span class='ocrx_word' id='word_1_257' title='bbox 288 3308 471 3388; x_wconf 81' lang='lat' dir='ltr'><strong>Epiphanes,</strong></span> <span class='ocrx_word' id='word_1_258' title='bbox 492 3312 584 3372; x_wconf 82' lang='lat' dir='ltr'><strong>obiit:</strong></span> <span class='ocrx_word' id='word_1_259' title='bbox 605 3313 753 3373; x_wconf 87' lang='lat' dir='ltr'><strong>secundus</strong></span> <span class='ocrx_word' id='word_1_260' title='bbox 767 3323 821 3372; x_wconf 87' lang='lat' dir='ltr'><strong>aut</strong></span> <span class='ocrx_word' id='word_1_261' title='bbox 834 3314 935 3375; x_wconf 87' lang='lat' dir='ltr'><strong>Iunior</strong></span> <span class='ocrx_word' id='word_1_262' title='bbox 948 3315 1033 3374; x_wconf 83' lang='lat' dir='ltr'><strong>Plato</strong></span> <span class='ocrx_word' id='word_1_263' title='bbox 1046 3312 1230 3392; x_wconf 83' lang='lat' dir='ltr'><strong>quibusdam,</strong></span> <span class='ocrx_word' id='word_1_264' title='bbox 1251 3314 1319 3374; x_wconf 87' lang='lat' dir='ltr'><strong>aliis</strong></span> 
     </span>
     <span class='ocr_line' id='line_1_35' title="bbox 221 3392 1317 3481; baseline 0.005 -24"><span class='ocrx_word' id='word_1_265' title='bbox 221 3392 416 3472; x_wconf 74' lang='grc' dir='ltr'><strong><em>Πένταθλος,</em></strong></span> <span class='ocrx_word' id='word_1_266' title='bbox 437 3396 568 3475; x_wconf 87' lang='lat' dir='ltr'><strong>quinque</strong></span> <span class='ocrx_word' id='word_1_267' title='bbox 591 3398 789 3478; x_wconf 79' lang='lat' dir='ltr'><strong>certaminum</strong></span> <span class='ocrx_word' id='word_1_268' title='bbox 809 3400 911 3459; x_wconf 76' lang='lat' dir='ltr'><strong>victor</strong></span> <span class='ocrx_word' id='word_1_269' title='bbox 937 3400 1045 3458; x_wconf 87' lang='lat' dir='ltr'><strong>dictus.</strong></span> <span class='ocrx_word' id='word_1_270' title='bbox 1084 3397 1190 3458; x_wconf 87' lang='lat' dir='ltr'><strong>Suidas</strong></span> <span class='ocrx_word' id='word_1_271' title='bbox 1210 3400 1317 3481; x_wconf 84' lang='lat' dir='ltr'><strong>plura:</strong></span> 
     </span>
     <span class='ocr_line' id='line_1_36' title="bbox 221 3480 1138 3543; baseline 0.005 -5"><span class='ocrx_word' id='word_1_272' title='bbox 221 3499 279 3539; x_wconf 85' lang='lat' dir='ltr'><strong>noo</strong></span> <span class='ocrx_word' id='word_1_273' title='bbox 293 3499 356 3539; x_wconf 88' lang='lat' dir='ltr'><strong>non</strong></span> <span class='ocrx_word' id='word_1_274' title='bbox 372 3499 411 3538; x_wconf 86' lang='lat' dir='ltr'><strong>ex</strong></span> <span class='ocrx_word' id='word_1_275' title='bbox 423 3480 512 3540; x_wconf 86' lang='lat' dir='ltr'><strong>Suida</strong></span> <span class='ocrx_word' id='word_1_276' title='bbox 525 3491 556 3539; x_wconf 88' lang='lat' dir='ltr'><strong>et</strong></span> <span class='ocrx_word' id='word_1_277' title='bbox 567 3481 632 3540; x_wconf 86' lang='lat' dir='ltr'><strong>eliis</strong></span> <span class='ocrx_word' id='word_1_278' title='bbox 648 3481 769 3540; x_wconf 83' lang='lat' dir='ltr'><strong>Vossius</strong></span> <span class='ocrx_word' id='word_1_279' title='bbox 784 3483 822 3540; x_wconf 89' lang='lat' dir='ltr'><strong>de</strong></span> <span class='ocrx_word' id='word_1_280' title='bbox 836 3483 994 3541; x_wconf 83' lang='lat' dir='ltr'><strong>ilistoricis</strong></span> <span class='ocrx_word' id='word_1_281' title='bbox 1008 3482 1138 3543; x_wconf 80' lang='lat' dir='ltr'><strong>Graecia.</strong></span> 
     </span>
    </p>

    <p class='ocr_par' dir='ltr' id='par_1_7' title="bbox 220 3559 1317 3975">
     <span class='ocr_line' id='line_1_37' title="bbox 306 3559 1315 3646; baseline 0.003 -22"><span class='ocrx_word' id='word_1_282' title='bbox 306 3566 374 3643; x_wconf 83' lang='lat' dir='ltr'><strong>Peg.</strong></span> <span class='ocrx_word' id='word_1_283' title='bbox 396 3565 467 3630; x_wconf 81' lang='lat'><strong>148.</strong></span> <span class='ocrx_word' id='word_1_284' title='bbox 488 3562 522 3626; x_wconf 86' lang='lat'><strong>‘0</strong></span> <span class='ocrx_word' id='word_1_285' title='bbox 536 3563 584 3626; x_wconf 76' lang='grc' dir='ltr'><strong>ἐπὶ</strong></span> <span class='ocrx_word' id='word_1_286' title='bbox 598 3559 747 3646; x_wconf 66' lang='grc' dir='ltr'><strong>Ὠγύγου]</strong></span> <span class='ocrx_word' id='word_1_287' title='bbox 771 3566 906 3645; x_wconf 75' lang='lat' dir='ltr'><strong>Ogygiam</strong></span> <span class='ocrx_word' id='word_1_288' title='bbox 917 3586 985 3624; x_wconf 81' lang='lat' dir='ltr'><strong>cuns</strong></span> <span class='ocrx_word' id='word_1_289' title='bbox 1003 3567 1109 3626; x_wconf 85' lang='lat' dir='ltr'><strong>Viveto</strong></span> <span class='ocrx_word' id='word_1_290' title='bbox 1125 3566 1158 3627; x_wconf 91' lang='lat' dir='ltr'><strong>in</strong></span> <span class='ocrx_word' id='word_1_291' title='bbox 1170 3568 1315 3645; x_wconf 78' lang='lat' dir='ltr'><strong>solinum,</strong></span> 
     </span>
     <span class='ocr_line' id='line_1_38' title="bbox 220 3647 1317 3736; baseline 0.005 -28"><span class='ocrx_word' id='word_1_292' title='bbox 220 3648 287 3708; x_wconf 89' lang='lat' dir='ltr'><strong>aliis</strong></span> <span class='ocrx_word' id='word_1_293' title='bbox 310 3651 433 3729; x_wconf 83' lang='lat' dir='ltr'><strong>Ogygen</strong></span> <span class='ocrx_word' id='word_1_294' title='bbox 455 3647 734 3729; x_wconf 76' lang='lat' dir='ltr'><strong>pronuntiantibus,</strong></span> <span class='ocrx_word' id='word_1_295' title='bbox 755 3648 866 3728; x_wconf 87' lang='lat' dir='ltr'><strong>ubique</strong></span> <span class='ocrx_word' id='word_1_296' title='bbox 887 3650 1014 3712; x_wconf 87' lang='lat' dir='ltr'><strong>reddidi.</strong></span> <span class='ocrx_word' id='word_1_297' title='bbox 1048 3649 1182 3736; x_wconf 78' lang='grc' dir='ltr'><em>Ὤγυγον</em></span> <span class='ocrx_word' id='word_1_298' title='bbox 1204 3654 1317 3713; x_wconf 88' lang='lat' dir='ltr'><strong>Graeco</strong></span> 
     </span>
     <span class='ocr_line' id='line_1_39' title="bbox 220 3733 1316 3820; baseline 0.005 -29"><span class='ocrx_word' id='word_1_299' title='bbox 220 3733 356 3794; x_wconf 84' lang='lat' dir='ltr'><strong>scribunt</strong></span> <span class='ocrx_word' id='word_1_300' title='bbox 379 3733 524 3816; x_wconf 75' lang='lat' dir='ltr'><strong>Iosephus</strong></span> <span class='ocrx_word' id='word_1_301' title='bbox 554 3735 584 3793; x_wconf 91' lang='lat' dir='ltr'><strong>in</strong></span> <span class='ocrx_word' id='word_1_302' title='bbox 609 3733 772 3813; x_wconf 61' lang='lat' dir='ltr'><strong>igionem,</strong></span> <span class='ocrx_word' id='word_1_303' title='bbox 802 3734 944 3794; x_wconf 74' lang='lat' dir='ltr'><strong>Eusebius</strong></span> <span class='ocrx_word' id='word_1_304' title='bbox 967 3735 1005 3796; x_wconf 89' lang='lat' dir='ltr'><strong>de</strong></span> <span class='ocrx_word' id='word_1_305' title='bbox 1030 3738 1168 3820; x_wconf 85' lang='lat' dir='ltr'><strong>Praepar.</strong></span> <span class='ocrx_word' id='word_1_306' title='bbox 1193 3759 1258 3817; x_wconf 87' lang='lat' dir='ltr'><strong>cap.</strong></span> <span class='ocrx_word' id='word_1_307' title='bbox 1288 3742 1316 3803; x_wconf 89' lang='lat'><strong>1.</strong></span> 
     </span>
     <span class='ocr_line' id='line_1_40' title="bbox 220 3815 1317 3901; baseline 0.008 -28"><span class='ocrx_word' id='word_1_308' title='bbox 220 3815 361 3878; x_wconf 81' lang='lat' dir='ltr'><strong>Tatianus</strong></span> <span class='ocrx_word' id='word_1_309' title='bbox 384 3819 467 3880; x_wconf 82' lang='lat' dir='ltr'><strong>Orat.</strong></span> <span class='ocrx_word' id='word_1_310' title='bbox 490 3819 591 3882; x_wconf 82' lang='lat' dir='ltr'><strong>adver.</strong></span> <span class='ocrx_word' id='word_1_311' title='bbox 616 3818 704 3878; x_wconf 85' lang='lat' dir='ltr'><strong>Gent.</strong></span> <span class='ocrx_word' id='word_1_312' title='bbox 724 3819 858 3879; x_wconf 79' lang='lat' dir='ltr'><strong>Clemens</strong></span> <span class='ocrx_word' id='word_1_313' title='bbox 874 3826 903 3887; x_wconf 90' lang='lat'><strong>1.</strong></span> <span class='ocrx_word' id='word_1_314' title='bbox 920 3823 1028 3882; x_wconf 84' lang='lat' dir='ltr'><strong>Strom.</strong></span> <span class='ocrx_word' id='word_1_315' title='bbox 1044 3823 1147 3886; x_wconf 84' lang='lat' dir='ltr'><strong>etalii.</strong></span> <span class='ocrx_word' id='word_1_316' title='bbox 1169 3822 1317 3901; x_wconf 82' lang='lat' dir='ltr'><strong>Ogygiam</strong></span> 
     </span>
     <span class='ocr_line' id='line_1_41' title="bbox 221 3899 1020 3975; baseline 0.01 -17"><span class='ocrx_word' id='word_1_317' title='bbox 221 3899 308 3960; x_wconf 83' lang='lat' dir='ltr'><strong>etism</strong></span> <span class='ocrx_word' id='word_1_318' title='bbox 323 3903 466 3964; x_wconf 78' lang='lat' dir='ltr'><strong>Eusebius</strong></span> <span class='ocrx_word' id='word_1_319' title='bbox 486 3903 607 3964; x_wconf 86' lang='lat' dir='ltr'><strong>Latinus</strong></span> <span class='ocrx_word' id='word_1_320' title='bbox 622 3902 660 3962; x_wconf 87' lang='lat' dir='ltr'><strong>ad</strong></span> <span class='ocrx_word' id='word_1_321' title='bbox 676 3923 789 3962; x_wconf 85' lang='lat' dir='ltr'><strong>annum</strong></span> <span class='ocrx_word' id='word_1_322' title='bbox 803 3905 938 3966; x_wconf 76' lang='lat' dir='ltr'><strong>Abrabae</strong></span> <span class='ocrx_word' id='word_1_323' title='bbox 949 3912 1020 3975; x_wconf 77' lang='lat'><strong>220.</strong></span> 
     </span>
    </p>

    <p class='ocr_par' dir='ltr' id='par_1_8' title="bbox 219 3987 1317 4233">
     <span class='ocr_line' id='line_1_42' title="bbox 309 3987 1316 4072; baseline 0.005 -26"><span class='ocrx_word' id='word_1_324' title='bbox 309 3990 375 4048; x_wconf 78' lang='lat' dir='ltr'><strong>Teis</strong></span> <span class='ocrx_word' id='word_1_325' title='bbox 392 3987 448 4068; x_wconf 81' lang='grc' dir='ltr'><strong>μέν</strong></span> <span class='ocrx_word' id='word_1_326' title='bbox 459 3989 508 4053; x_wconf 81' lang='lat' dir='ltr'><strong>lnl</strong></span> <span class='ocrx_word' id='word_1_327' title='bbox 523 3987 712 4072; x_wconf 77' lang='grc' dir='ltr'><strong><em>Φορωνέως]</em></strong></span> <span class='ocrx_word' id='word_1_328' title='bbox 734 3990 893 4052; x_wconf 86' lang='lat' dir='ltr'><strong>Eusebium</strong></span> <span class='ocrx_word' id='word_1_329' title='bbox 911 4002 1057 4053; x_wconf 83' lang='lat' dir='ltr'><strong>sectantes</strong></span> <span class='ocrx_word' id='word_1_330' title='bbox 1076 3989 1226 4067; x_wconf 84' lang='lat' dir='ltr'><strong>intelligit.</strong></span> <span class='ocrx_word' id='word_1_331' title='bbox 1267 3989 1316 4051; x_wconf 81' lang='lat' dir='ltr'><strong>Ex</strong></span> 
     </span>
     <span class='ocr_line' id='line_1_43' title="bbox 222 4066 1317 4158; baseline 0.01 -33"><span class='ocrx_word' id='word_1_332' title='bbox 222 4066 331 4146; x_wconf 85' lang='lat' dir='ltr'><strong>quibus</strong></span> <span class='ocrx_word' id='word_1_333' title='bbox 345 4070 501 4134; x_wconf 79' lang='lat' dir='ltr'><strong>Eusebium</strong></span> <span class='ocrx_word' id='word_1_334' title='bbox 521 4075 679 4158; x_wconf 81' lang='lat' dir='ltr'><strong>impugnat</strong></span> <span class='ocrx_word' id='word_1_335' title='bbox 698 4075 860 4156; x_wconf 83' lang='lat' dir='ltr'><strong>Georgius,</strong></span> <span class='ocrx_word' id='word_1_336' title='bbox 880 4077 1041 4140; x_wconf 83' lang='lat' dir='ltr'><strong>Eusebium</strong></span> <span class='ocrx_word' id='word_1_337' title='bbox 1055 4076 1210 4156; x_wconf 83' lang='lat' dir='ltr'><strong>componit</strong></span> <span class='ocrx_word' id='word_1_338' title='bbox 1224 4075 1317 4136; x_wconf 79' lang='lat' dir='ltr'><strong>Scali-</strong></span> 
     </span>
     <span class='ocr_line' id='line_1_44' title="bbox 219 4155 750 4233; baseline -0.011 0"><span class='ocrx_word' id='word_1_339' title='bbox 219 4172 348 4233; x_wconf 60' lang='lat' dir='ltr'><strong>ufrrfls·</strong></span> <span class='ocrx_word' id='word_1_340' title='bbox 362 4155 413 4220; x_wconf 83' lang='lat'><strong>24.</strong></span> <span class='ocrx_word' id='word_1_341' title='bbox 427 4159 518 4227; x_wconf 74' lang='lat' dir='ltr'><strong>etse·</strong></span> <span class='ocrx_word' id='word_1_342' title='bbox 746 4155 750 4164; x_wconf 83' lang='lat'>&#39;</span> 
     </span>
    </p>

    <p class='ocr_par' dir='ltr' id='par_1_9' title="bbox 221 4232 1318 4497">
     <span class='ocr_line' id='line_1_45' title="bbox 297 4232 1317 4328; baseline 0.005 -29"><span class='ocrx_word' id='word_1_343' title='bbox 297 4232 352 4312; x_wconf 84' lang='grc' dir='ltr'><strong>Ὃς</strong></span> <span class='ocrx_word' id='word_1_344' title='bbox 366 4243 421 4302; x_wconf 80' lang='grc' dir='ltr'><strong>τοῦ</strong></span> <span class='ocrx_word' id='word_1_345' title='bbox 433 4238 555 4323; x_wconf 75' lang='lat' dir='ltr'><strong>nonime</strong></span> <span class='ocrx_word' id='word_1_346' title='bbox 568 4247 780 4326; x_wconf 74' lang='grc' dir='ltr'><strong><em>κατακλυσμοῦ</em></strong></span> <span class='ocrx_word' id='word_1_347' title='bbox 790 4244 912 4328; x_wconf 78' lang='grc' dir='ltr'><strong><em>γέγονεν</em></strong></span> <span class='ocrx_word' id='word_1_348' title='bbox 925 4238 1106 4324; x_wconf 67' lang='grc' dir='ltr'><strong><em>ἐπώνυμος]</em></strong></span> <span class='ocrx_word' id='word_1_349' title='bbox 1126 4243 1168 4303; x_wconf 87' lang='lat' dir='ltr'><strong>Ut</strong></span> <span class='ocrx_word' id='word_1_350' title='bbox 1182 4240 1220 4302; x_wconf 85' lang='lat' dir='ltr'><strong>ab</strong></span> <span class='ocrx_word' id='word_1_351' title='bbox 1235 4243 1317 4304; x_wconf 85' lang='lat' dir='ltr'><strong>anti·</strong></span> 
     </span>
     <span class='ocr_line' id='line_1_46' title="bbox 221 4322 1318 4411; baseline 0.006 -29"><span class='ocrx_word' id='word_1_352' title='bbox 221 4341 282 4404; x_wconf 87' lang='lat' dir='ltr'><strong>quo</strong></span> <span class='ocrx_word' id='word_1_353' title='bbox 302 4322 381 4382; x_wconf 84' lang='lat' dir='ltr'><strong>mala</strong></span> <span class='ocrx_word' id='word_1_354' title='bbox 398 4343 503 4385; x_wconf 86' lang='lat' dir='ltr'><strong>nomen</strong></span> <span class='ocrx_word' id='word_1_355' title='bbox 527 4330 661 4410; x_wconf 87' lang='lat' dir='ltr'><strong>accepit,</strong></span> <span class='ocrx_word' id='word_1_356' title='bbox 683 4330 726 4389; x_wconf 84' lang='lat' dir='ltr'><strong>its</strong></span> <span class='ocrx_word' id='word_1_357' title='bbox 745 4331 853 4411; x_wconf 84' lang='lat' dir='ltr'><strong>primis</strong></span> <span class='ocrx_word' id='word_1_358' title='bbox 870 4341 900 4391; x_wconf 87' lang='lat' dir='ltr'><strong>et</strong></span> <span class='ocrx_word' id='word_1_359' title='bbox 915 4331 1043 4390; x_wconf 88' lang='lat' dir='ltr'><strong>vetustis</strong></span> <span class='ocrx_word' id='word_1_360' title='bbox 1057 4327 1143 4389; x_wconf 83' lang='lat' dir='ltr'><strong>malis</strong></span> <span class='ocrx_word' id='word_1_361' title='bbox 1158 4327 1242 4388; x_wconf 85' lang='lat' dir='ltr'><strong>dedit</strong></span> <span class='ocrx_word' id='word_1_362' title='bbox 1258 4349 1318 4389; x_wconf 89' lang='lat' dir='ltr'><strong>no·</strong></span> 
     </span>
     <span class='ocr_line' id='line_1_47' title="bbox 221 4404 1316 4497; baseline 0.004 -27"><span class='ocrx_word' id='word_1_363' title='bbox 221 4425 291 4487; x_wconf 79' lang='lat' dir='ltr'><strong>meu</strong></span> <span class='ocrx_word' id='word_1_364' title='bbox 305 4409 473 4490; x_wconf 83' lang='lat' dir='ltr'><strong>paroemia,</strong></span> <span class='ocrx_word' id='word_1_365' title='bbox 492 4404 617 4496; x_wconf 69' lang='grc' dir='ltr'><strong><em>Ὠγύγια</em></strong></span> <span class='ocrx_word' id='word_1_366' title='bbox 628 4410 717 4479; x_wconf 72' lang='grc' dir='ltr'><strong>κακά.</strong></span> <span class='ocrx_word' id='word_1_367' title='bbox 761 4415 858 4476; x_wconf 84' lang='lat' dir='ltr'><strong>Verba</strong></span> <span class='ocrx_word' id='word_1_368' title='bbox 872 4415 1142 4497; x_wconf 80' lang='lat' dir='ltr'><strong>porrosequmtia,</strong></span> <span class='ocrx_word' id='word_1_369' title='bbox 1165 4424 1316 4497; x_wconf 82' lang='lat' dir='ltr'><strong>expuncto</strong></span> 
     </span>
    </p>
   </div>
   <div class='ocr_carea' id='block_1_3' title="bbox 0 0 1560 4959">
    <p class='ocr_par' dir='ltr' id='par_1_10' title="bbox 0 0 1560 4959">
     <span class='ocr_line' id='line_1_48' title="bbox 0 0 1560 4959; baseline 0 2"><span class='ocrx_word' id='word_1_370' title='bbox 0 0 1560 4959; x_wconf 95' lang='lat' dir='ltr'><strong> </strong></span> 
     </span>
    </p>
   </div>
  </div>
 </body>
</html>
