3109 4959
254 424 328 496 444
495 415 499 426 “
610 435 955 507 unnnnnrronus
1042 501 1044 507 ,

254 593 297 674 τῷ
321 585 409 669 persi,
430 591 509 653 inter
531 592 604 654 duas
623 595 751 674 virgulas
770 594 850 674 quod
865 594 898 654 in
918 605 1003 658 textu
1021 600 1202 680 reperiatur,
1224 603 1274 662 hic
1295 606 1344 663 in-

256 675 357 750 cluso,
383 675 506 754 legenda
529 677 588 738 hoc
614 681 716 739 ordine
737 679 924 760 interpolata.
966 688 1087 747 πολλῶν
1115 687 1345 768 διαφθαρέντων

256 759 418 834 διασωθεὶς
436 758 511 824 κατὰ
528 759 583 844 τήν
602 763 632 839 ἐξ
651 759 807 848 Αἰγύπτου
823 768 878 828 τοῦ
896 769 973 828 λαοῦ
993 766 1066 849 pred
1089 771 1227 848 Μωσέως
1243 773 1345 849 ἔξοδον

254 843 405 924 γενέσθαι.

338 925 449 990 Ἡνῦν
464 924 607 1012 Ἀττική]
634 933 677 993 De
697 933 772 992 Acte
791 942 821 992 et
841 931 939 992 Attica
960 935 1107 997 Fontanus
1129 939 1162 996 in
1184 941 1345 1000 Eusebium

255 1010 379 1073 erudite.
421 1014 539 1075 Istheec
557 1017 691 1078 Africani
704 1017 773 1076 vide
787 1037 805 1074 a
819 1017 944 1096 Georgia
956 1022 1082 1080 refutata
1100 1044 1165 1102 pag.
1179 1031 1230 1090 70.
1404 1067 1408 1073 -

332 1092 404 1175 Ἔπη
428 1095 534 1184 ,uote‘d
561 1101 587 1160 A
610 1102 691 1162 lllose
715 1099 752 1158 ad
774 1102 903 1180 Cyrum,
925 1115 1058 1164 numerat
1076 1107 1234 1167 Africanus
1256 1111 1344 1175 1235.

254 1200 361 1239 annos:
384 1182 502 1244 Autlror
521 1195 639 1244 centum
660 1185 770 1246 minus.
813 1185 871 1245 llio
893 1188 1005 1247 cainan
1027 1192 1112 1250 annis
1131 1192 1189 1250 iam
1204 1194 1236 1250 in
1256 1214 1344 1273 supe-

254 1265 384 1324 rioribus
397 1272 557 1329 numeratis
573 1270 717 1348 posterius
731 1269 861 1349 spatium
877 1275 1043 1334 contraxit:
1065 1275 1225 1335 Africanus
1240 1278 1345 1337 iisdem

154 1357 185 1412 v.
202 1355 238 1414 40
253 1360 390 1429 postero,
411 1354 506 1411 idest
528 1353 662 1412 Indicum
684 1363 833 1434 tempore,
861 1359 1015 1436 repositis,
1044 1361 1174 1441 spatium
1192 1362 1273 1423 idem
1292 1382 1345 1422 au·

252 1432 332 1492 nisse
348 1434 590 1514 deprehenditur.

338 1537 406 1614 Peg.
430 1540 500 1604 149.
527 1543 641 1603 Τοῦτον
655 1535 914 1617 τόνἎπινφασΜ
936 1542 1027 1602 Primi
1041 1542 1131 1603 huius
1151 1545 1225 1604 dicti
1237 1545 1345 1606 author

253 1628 299 1679 est
308 1619 451 1682 Eusebius
465 1624 504 1682 ad
516 1643 628 1684 annum
641 1623 776 1684 Abrahae
792 1628 861 1691 180.
875 1628 1006 1686 secundo
1019 1629 1345 1708 adversaturGeorgius

252 1703 406 1785 Aegialum
423 1710 570 1769 sexcentis
586 1709 670 1768 arinis
688 1709 779 1788 Apim
798 1713 991 1770 antevenisse
1011 1714 1143 1773 scribens
1162 1707 1229 1795 pag.
1245 1723 1296 1784 97.
1311 1717 1344 1776 Ι).

338 1803 460 1889 Κόσμον
479 1802 521 1892 ἦν
542 1809 606 1885 ἔτος
625 1807 747 1896 ympni]
778 1811 823 1868 lta
844 1815 1029 1892 putandum,
1058 1816 1211 1874 emendato
1229 1811 1344 1899 ,yopdfi

250 1890 325 1972 Apis
341 1895 452 1974 qnippe
471 1895 647 1974 Argivorum
670 1917 724 1954 rex
739 1895 846 1955 tertius
861 1900 1027 1958 communis
1047 1920 1132 1960 aerae
1154 1922 1232 1960 anno
1248 1905 1343 1967 3808.

250 1997 375 2054 regnum
390 1981 578 2060 auspicatus,
600 1980 639 2039 ad
658 1983 750 2046 3843.
767 1982 852 2038 annis
867 1985 919 2047 35.
938 1985 1048 2043 tenuit:
1077 1985 1174 2062 Argus
1190 2006 1344 2044 successor

250 2071 321 2138 post
333 2062 451 2141 imperii
465 2064 711 2145 septuagesimum
728 2065 833 2123 mundi
847 2069 938 2132 3913.
955 2070 1016 2127 vita
1035 2069 1187 2147 iungiture
1208 2072 1244 2130 ab
1264 2090 1341 2127 anno

201 2159 203 2164 ·
249 2144 349 2220 itaque
368 2149 460 2213 3843.
485 2158 623 2230 coeperat
638 2149 793 2229 imperare.
838 2150 894 2209 Isti
905 2173 997 2230 porro
1012 2154 1093 2213 tituli
1106 2155 1145 2214 ad
1159 2155 1220 2214 MS.
1233 2153 1342 2231 margi·

250 2245 319 2285 nom
336 2231 427 2307 positi
442 2242 559 2292 textum
572 2235 672 2312 ipsum
689 2235 873 2293 commodius
887 2237 1025 2300 subeunt.

340 2322 437 2405 Οὗτος
453 2329 526 2393 κατὰ
540 2331 610 2406 τούς
620 2328 773 2412 χρόνους]
790 2336 870 2393 llaec
883 2337 920 2392 ab
937 2338 1079 2396 Africano
1093 2337 1222 2414 scripta,
1244 2346 1274 2394 et
1285 2337 1340 2394 sub

248 2413 311 2474 eius
333 2416 462 2477 nominis
483 2415 572 2475 titulo
590 2420 682 2474 rel'ert
703 2418 833 2494 Scaliger
853 2419 918 2477 ficti
939 2429 1039 2478 tentus
1059 2440 1125 2500 pag.
1148 2421 1200 2484 25.
1244 2420 1340 2498 Atque

247 2501 290 2580 ita
315 2501 487 2561 Africanum
505 2500 622 2560 sibimet
642 2510 764 2576 testem,
795 2500 834 2562 ac'
852 2503 980 2585 seipsum
1004 2503 1044 2564 ad
1062 2505 1183 2565 alterius
1205 2525 1339 2564 normam

249 2585 389 2646 citantem
410 2585 535 2647 inducit.

334 2689 402 2767 Pag-
417 2690 488 2754 150.
508 2682 623 2768 Ἰησοῦς
634 2681 690 2751 τοῦ
703 2691 795 2769 Ναυῆ
810 2687 860 2769 ἔτη
874 2683 939 2769 ulfi]
960 2689 1131 2768 Marginalis
1144 2691 1309 2751 emendatio
1322 2711 1339 2749 a

247 2777 416 2850 temporum
433 2783 621 2852 cretatumque
637 2767 805 2832 ¹rationibus
827 2770 916 2833 fidem
939 2775 996 2833 sibi
1019 2777 1172 2837 conciliat.
1214 2777 1301 2836 Anno
1322 2798 1341 2832 a

247 2855 353 2914 rnuudi
371 2858 497 2916 conditu
515 2863 607 2923 3736.
627 2859 706 2916 vitae
727 2879 849 2918 consors
870 2858 905 2917 sn
919 2846 1014 2918 liloscs
1036 2881 1103 2939 pag.
1119 2866 1186 2926 126.
1208 2864 1239 2921 (λ
1259 2870 1289 2917 ct
1306 2861 1338 2917 in

247 2959 282 2998 ea
298 2939 405 3017 viginti
421 2961 510 3019 supra
525 2950 644 2998 centurn
666 2960 759 2998 annos
778 2943 885 3017 exigit,
907 2943 942 2998 ad
963 2944 1068 2999 mnndi
1092 2944 1232 3001 nimirum
1245 2946 1337 3006 3856.

245 3043 314 3103 pag.
342 3026 411 3090 143·
428 3025 460 3083 B.
485 3044 544 3104 quo
566 3025 646 3083 Iesus
662 3023 743 3081 Nave
764 3024 843 3081 lilius
864 3024 1011 3083 lsraclitas
1031 3025 1158 3102 suscipit
1176 3025 1208 3083 in
1229 3035 1336 3084 terram

246 3108 389 3168 ¹Chanaan
402 3107 600 3170 inducendos.
641 3108 831 3168 Provinciam
851 3108 928 3167 hanc
944 3108 1020 3166 obiit
1036 3109 1088 3168 ille
1103 3108 1190 3168 annis
1209 3116 1260 3176 27.
1279 3108 1338 3168 lroc

248 3202 294 3252 est
309 3195 344 3254 ad
362 3194 466 3254 mundi
480 3194 573 3260 3884.
589 3212 648 3272 quo
662 3193 799 3267 ineunte,
822 3193 874 3272 qui
892 3213 1062 3254 successere
1081 3195 1186 3274 populi
1203 3195 1338 3255 Seniorcs

247 3278 383 3357 publicas
396 3299 444 3338 res
458 3281 544 3339 annis
561 3281 609 3344 18.
625 3277 919 3342 administraverunt.
943 3282 1048 3337 Secuta
1062 3290 1106 3338 est
1123 3279 1229 3338 deinde
1243 3280 1338 3358 prima

247 3363 377 3424 seruitus
392 3385 409 3422 a
426 3364 529 3444 Syriae
539 3364 767 3444 Mesopotamiae
781 3384 848 3442 rege
862 3363 1088 3423 Cliusaratlraim
1105 3364 1219 3423 inllicta
1233 3365 1337 3422 mnndi

246 3449 341 3512 8902.
357 3467 445 3525 quem
467 3467 624 3507 nnmerum
639 3448 785 3524 Georgius
798 3449 968 3528 exprimens
982 3468 1048 3530 pag.
1062 3449 1132 3516 154.
1146 3449 1181 3508 A.
1199 3448 1337 3528 superio-

246 3551 295 3590 res
310 3553 329 3590 ει
344 3532 429 3590 nobis
443 3533 596 3611 expositos
610 3531 729 3610 probat.

331 3633 400 3711 Pag·
417 3633 486 3698 151.
503 3625 684 3712 {decipulae}
696 3630 857 3691 Arabelum
870 3651 970 3710 regem
981 3633 1165 3713 Assyriorum
1182 3636 1233 3697 29.
1246 3650 1338 3709 prae·

248 3718 319 3779 terit
344 3719 474 3795 Scaliger
493 3736 559 3796 pag.
577 3717 627 3784 25.
647 3726 786 3795 sequente
801 3737 870 3796 pag.
890 3723 942 3784 26.
963 3719 1052 3777 aliam
1072 3718 1108 3774 ab
1129 3716 1186 3774 lrac
1207 3715 1337 3777 lronrads

247 3804 393 3864 diversam
414 3803 568 3880 componit
587 3821 624 3860 ex
642 3805 693 3868 29.
719 3811 749 3862 et
769 3805 820 3868 30.
845 3802 962 3880 regibus
980 3811 1010 3861 et
1032 3820 1140 3858 nonum
1161 3799 1280 3876 quidem
1301 3822 1337 3860 ac

246 3891 422 3968 vigesimum
440 3896 529 3946 vocat
546 3885 725 3961 Thinaeum,
747 3887 928 3946 tricesimum
941 3885 1110 3962 Dercylum.
1151 3883 1197 3942 lta
1213 3885 1336 3945 [tatinus

246 3972 389 4034 Eusebius
414 3973 545 4054 profert,
568 3971 628 4030 nisi
646 3972 727 4051 quod
747 3972 800 4050 qui
821 3970 872 4028 hic
894 3990 991 4028 nonus
1015 3988 1050 4024 ae
1064 3967 1222 4028 vicesimus
1239 3971 1336 4036 cidem

244 4059 351 4119 Latino
372 4057 500 4120 Eusebio
519 4067 565 4117 est
579 4061 630 4124 28.
646 4056 697 4136 qui
707 4055 760 4113 hic
779 4064 905 4112 octavus
921 4074 956 4110 ac
970 4051 1129 4111 vicesimus
1143 4055 1225 4133 apud
1247 4056 1336 4114 illum

245 4145 287 4202 sit
301 4145 415 4203 unitate
429 4143 544 4202 minor:
563 4151 593 4201 et
606 4149 754 4201 retroacto
769 4137 863 4216 gradu
875 4135 970 4196 Ninus
986 4135 1038 4214 qui
1054 4134 1106 4194 lric
1118 4139 1266 4200 secundus
1280 4141 1334 4198 La-

244 4229 310 4288 tino
330 4228 493 4310 exemplari
513 4229 552 4288 sit
575 4227 706 4308 primus,
735 4243 770 4282 eo
787 4222 869 4300 quod
883 4220 992 4288 ‚Belum
1012 4221 1098 4303 quasi
1121 4225 1250 4303 priorem
1271 4245 1334 4282 non

242 4309 410 4390 recenseat,
435 4313 490 4373 sed
515 4334 531 4371 a
556 4311 633 4370 Nino
659 4309 836 4369 laterculum
863 4305 1052 4385 Assyriorum
1073 4328 1178 4386 regum
1205 4308 1333 4368 inchoet.

244 4398 471 4478 Expunctornrn
493 4397 530 4456 ab
556 4393 683 4456 Eusebio
704 4391 890 4474 quorundam
912 4391 1105 4472 Assyriorum
1124 4415 1227 4471 regum
1249 4391 1332 4451 ratio
