3109 4959
664 433 920 501 PRAEFATIO.
1285 424 1335 497 69

245 607 312 646 num
327 587 507 650 Batavorum
528 592 565 651 ad
578 610 609 651 ae
625 590 817 667 deserendum
831 590 933 650 Marco
954 590 1073 651 Velaero
1087 586 1232 667 signilioat
1247 589 1331 669 epist.

244 674 311 737 155.
332 674 478 752 accepisse
500 676 613 737 indicat
628 675 754 734 obscure
772 676 896 752 geminis
909 675 1114 755 sequentibus:
1136 693 1226 753 penes
1241 694 1272 733 se
1286 684 1334 733 te·

243 775 327 833 nere,
350 778 405 816 nec
422 758 607 835 lacunosum,
630 761 748 839 qualern
774 761 960 836 Vaticanum,
982 761 1008 820 ai
1030 770 1128 819 tamen
1150 757 1231 817 aliud
1245 774 1333 836 qnam

241 843 435 923 fragmentum
454 856 506 920 est,
529 844 696 925 gratulatur
719 846 805 924 epist.
829 848 900 913 159.
931 843 1076 919 Describit
1094 844 1134 903 ad
1156 843 1241 920 epist
1263 849 1332 908 161.

241 926 391 1006 conceptis
412 930 516 989 verbis.
562 928 698 989 Continet
722 934 858 1009 paginas
878 933 940 996 230
968 929 1171 989 membraneos
1194 928 1334 1006 longitu-

239 1007 323 1067 dinis·
333 1010 464 1090 pedalia,
487 1014 663 1073 latitudinis
676 1013 879 1074 (dodrantalia.
922 1003 984 1075 Sed
995 1022 1206 1076 retractassent
1219 1012 1257 1067 ab
1271 1013 1332 1069 Hi·
1432 1017 1435 1023 ’

238 1098 335 1152 storia
360 1096 434 1177 Imp.
458 1100 617 1159 Valeriani
643 1098 688 1158 od
702 1104 833 1179 ,narium
848 1101 921 1179 lurp.
944 1099 1046 1160 Probi.
1065 1099 1227 1158 Characen
1239 1096 1333 1153 bonae

238 1188 343 1256 notae,
365 1195 518 1257 vetrarias,
541 1187 595 1264 qui
610 1196 727 1264 tempus
746 1207 898 1243 annorum
912 1188 1031 1243 circiter
1043 1204 1082 1242 oe
1103 1182 1248 1263 praeseri.
1294 1180 1333 1241 ltt

237 1282 338 1323 rorans
361 1268 444 1344 epist.
471 1272 541 1334 163.
558 1289 657 1329 ccxxx
675 1272 762 1346 solio
777 1270 1001 1328 nienrbrnnncea
1009 1267 1120 1349 pedali
1132 1262 1332 1344 longitudine,

237 1346 416 1407 dodrantali
439 1353 617 1429 latitudine,
638 1367 758 1434 praeter
783 1358 855 1430 triu,
877 1355 1035 1415 utveritaa
1053 1356 1127 1428 lert,
1149 1353 1332 1430 quaepert'e-

234 1445 315 1491 runt.
360 1436 429 1494 Non
446 1449 531 1515 puto,
555 1440 659 1498 scribit
674 1440 775 1499 eadem
791 1440 886 1519 epist,
901 1444 1091 1497 vetustiorem
1110 1438 1236 1513 Georgii
1248 1432 1331 1524 codi-

235 1538 296 1575 cem
317 1541 365 1593 eo,
389 1539 475 1598 parem
490 1526 523 1579 in
537 1525 679 1582 mortibus
690 1525 846 1599 habemns,
867 1546 949 1583 raurrc
963 1536 1085 1583 certare.
1123 1521 1205 1580 Arne
1216 1540 1331 1578 cercen-

234 1613 398 1661 turannos
422 1610 570 1685 scriptum
585 1610 734 1669 arbitror:
756 1614 952 1689 στοχαστικαῖς
970 1609 1090 1669 omnino
1110 1615 1140 1665 et
1167 1624 1205 1665 ex
1227 1604 1329 1663 iudicii

163 1750 167 1759 ,
234 1686 376 1747 facultate
404 1690 561 1768 singulari:
592 1695 652 1754 MS.
684 1688 807 1774 qnippe*
820 1690 1002 1773 προσγραῳή
1027 1694 1065 1750 ad
1091 1689 1329 1750 continuatorem

235 1768 354 1849 Georgii
378 1773 603 1855 Theophanem,
628 1788 656 1835 et
680 1776 766 1838 huius
786 1778 925 1837 loannem
941 1775 1175 1836 Grammatieum
1197 1772 1331 1837 eiuatlcrn¹

232 1855 348 1915 librarii
367 1878 458 1917 manu
476 1862 589 1919 adiectu
608 1862 746 1921 Cedieenr
765 1882 844 1920 aranu
862 1857 1184 1940 (lomtantinopolitani
1197 1856 1330 1937 computi

233 1943 314 2007 6521
340 1953 492 2003 exaratum
516 1954 649 2006 testatur.
700 1946 754 2006 llle
775 1968 793 2004 a
816 1945 929 2005 Christi
952 1967 1030 2005 arrrro
1051 1942 1143 2005 natali
1155 1941 1329 2001 millesimus

232 2035 278 2082 est
309 2035 338 2084 et
370 2028 528 2090 vicesimus
558 2032 686 2110 primus,
719 2052 737 2091 a
761 2050 822 2110 quo
853 2030 893 2089 ad
926 2051 1054 2105 annum,
1093 2048 1154 2107 quo
1182 2025 1329 2085 scribebat

234 2108 365 2185 Scaliger
391 2114 521 2171 sexcenti
553 2118 646 2171 l'erme
683 2116 937 2173 intercurrerunt:
974 2114 1011 2172 ad
1048 2119 1231 2191 praesentem
1263 2111 1325 2175 631

231 2190 333 2268 elapsi.
377 2192 518 2253 vetustus
533 2196 723 2271 quantumvis
747 2195 859 2272 codex,
880 2197 993 2273 integer
1013 2206 1059 2255 est
1072 2203 1102 2255 et
1114 2214 1222 2270 sanna,
1244 2192 1326 2252 loliis

229 2275 326 2333 tribua
339 2278 481 2356 exceptis,
499 2280 621 2359 quibua,
634 2288 709 2338 teste
721 2290 885 2343 memorato
897 2281 1054 2361 scriptore,
1069 2301 1116 2338 rea
1130 2301 1150 2337 a
1161 2278 1326 2337 Valeriano

230 2358 276 2417 ud
302 2360 439 2420 Probum
460 2364 534 2443 imp.
565 2368 774 2423 eontinentur:
805 2364 956 2444 quondam
977 2386 1048 2426 vero
1067 2364 1107 2422 ob
1125 2364 1325 2442 Antipuerio,

232 2446 287 2523 qui
309 2442 486 2525 descripsit,
509 2450 615 2507 multia
633 2448 774 2529 partibus
796 2450 976 2509 mutilatum
999 2447 1146 2523 codieem5
1168 2456 1215 2522 et,
1235 2447 1326 2507 Anti-

231 2533 377 2609 quarium
398 2535 497 2591 neuile
520 2534 580 2593 sibi
596 2537 630 2593 in
642 2532 786 2594 tollendis
800 2537 840 2593 iia
850 2535 1023 2615 perrniic'sae
1031 2579 1041 2610 ,
1062 2554 1140 2614 quae
1152 2531 1254 2591 abesae
1265 2552 1327 2589 non

232 2615 323 2673 aliter·
354 2638 448 2695 quam
472 2638 506 2675 ea·
532 2622 597 2695 ipso
623 2630 748 2677 aucture-
770 2622 992 2697 perspicimur:
1021 2639 1126 2697 quum,
1142 2627 1172 2676 et
1190 2616 1325 2675 ordinem

231 2701 422 2760 arateverterit
436 2701 569 2777 Georgii,
590 2710 620 2759 et
632 2702 726 2780 multa
746 2720 874 2780 quorum
886 2702 1031 2779 Georgius
1047 2700 1196 2776 irreminit,
1217 2699 1325 2760 eruisc-

230 2783 287 2851 rit‚
311 2792 508 2842 commentum
533 2783 674 2861 Scaligeri
695 2794 743 2865 ests
760 2785 847 2864 epist·
868 2790 938 2852 161.
959 2791 1022 2851 162
1043 2795 1074 2845 et
1094 2788 1165 2851 168.
1185 2784 1218 2842 in
1232 2780 1323 2864 prae'-

229 2866 327 2927 missis
351 2866 468 2927 abunde
484 2867 656 2929 relutaturn.
700 2869 728 2930 ls'
745 2868 826 2929 idern
847 2870 950 2949 itaque
971 2889 1040 2930 oum
1058 2868 1148 2941 milri,
1167 2878 1234 2929 tum
1248 2871 1324 2927 Sea-

229 2951 323 3030 ligero
348 2951 514 3013 communis
527 2953 632 3030 codex,
654 2974 710 3015 nee
723 2954 816 3013 alium
828 2952 978 3034 integrum
998 2974 1028 3015 se
1044 2963 1185 3030 nactum,
1205 2960 1235 3012 et
1249 2972 1324 3032 qnae

230 3036 399 3114 obtigerunt
413 3039 577 3115 fragmenta
602 3037 757 3099 desideriis
771 3059 834 3098 non
849 3039 952 3103 secisse
965 3040 1051 3116 satis,
1072 3039 1170 3099 citatis
1189 3036 1322 3118 epistolia

230 3121 357 3200 sparsim
386 3122 589 3201 conqueritur.
631 3123 781 3202 lntegmur
801 3123 922 3184 laudavi
937 3125 1085 3198 codicem,
1109 3144 1147 3183 ex
1169 3120 1323 3201 potissima

229 3204 370 3265 nimirum
397 3218 556 3267 corrtextus
578 3207 707 3267 auctoris
730 3208 821 3284 serie,
844 3230 929 3287 quern
942 3207 1038 3269 nilrilo
1053 3206 1148 3267 secius
1162 3205 1322 3286 panciala·

229 3288 316 3348 cunia
335 3289 541 3370 deturpatum,
564 3314 580 3350 a
599 3292 721 3352 librario
741 3294 944 3370 frequentibus
963 3294 1039 3354 locis
1058 3291 1198 3351 vitiatum
1218 3290 1322 3349 monui

228 3372 262 3432 in
275 3376 460 3454 praemissis,
481 3376 563 3454 qnod
586 3396 657 3437 vero
682 3376 763 3437 soliis
789 3378 945 3438 disiunctis
957 3378 1004 3438 vel
1021 3397 1113 3457 prave
1128 3374 1322 3436 conformatis

229 3460 365 3519 resarciri
389 3469 419 3519 et
432 3460 550 3538 religari
566 3480 686 3521 luccesse
705 3461 813 3539 inerit,
834 3484 885 3521 ora
900 3473 1029 3538 resecta,
1050 3470 1175 3523 resectas
1193 3477 1321 3539 quoquc,

228 3552 260 3601 et
281 3562 320 3603 ex
341 3553 425 3624 parte
442 3564 576 3605 corrosas
591 3547 758 3626 marginum
773 3548 978 3608 annotationes
992 3548 1151 3627 plurimas,
1173 3544 1223 3604 vel
1240 3543 1322 3621 quod

228 3628 411 3688 revolvendo
434 3628 512 3689 libro
527 3650 618 3690 raranu
631 3632 906 3711 saepiusterantur,
927 3633 1095 3693 obliteratae
1108 3629 1321 3687 animadverto.

229 3712 349 3789 Georgii
356 3713 488 3794 syncelli
503 3715 563 3774 lllS.
573 3715 705 3775 codicem
714 3716 805 3775 alium
818 3717 965 3795 integrum
974 3726 1088 3775 exstare
1102 3714 1261 3775 ansianum
1272 3711 1321 3772 vel

227 3794 353 3855 alterum
376 3819 438 3857 non
467 3797 572 3859 audio:
596 3818 634 3859 ex
656 3800 746 3876 Regio
776 3800 921 3880 descripti
941 3820 1100 3860 numerum
1121 3819 1183 3859 non
1203 3804 1321 3876 augent,

229 3898 284 3940 cau
297 3899 354 3938 nee
367 3882 442 3941 bene
456 3884 552 3959 medii,
572 3884 626 3964 qui
639 3885 787 3963 plerisque
798 3884 986 3945 Bibliothecia
999 3905 1015 3943 a
1029 3884 1169 3963 Pompeio
1183 3883 1232 3942 vel
1243 3880 1319 3940 lulio

230 3964 351 4024 Caesare
370 3964 547 4053 incipientes
559 3978 759 4029 trecentorum
771 3970 891 4030 circiter
905 3990 1052 4029 annornm
1067 3966 1232 4030 Historiam
1244 3984 1320 4028 con·

226 4048 327 4112 tinent
346 4058 376 4107 et
392 4062 506 4129 partem
520 4054 628 4135 operis,
649 4054 738 4114 airolis
752 4055 842 4116 totius
858 4054 934 4131 vice,
955 4062 1187 4133 repraesentant.

314 4130 395 4207 Quid
416 4152 525 4215 operae
541 4139 660 4200 tarrdern
672 4139 751 4199 eirea
767 4140 899 4219 syncelli
911 4140 1066 4200 laudatum
1079 4160 1155 4218 opus
1167 4133 1321 4216 praestite-

230 4220 299 4296 rim,
311 4219 361 4279 vel
373 4230 522 4301 proestare
535 4224 754 4301 contenderim,
776 4224 885 4285 lectori
893 4225 1037 4286 benevolo
1054 4220 1225 4302 inquirenti,
1241 4217 1324 4299 quod

230 4304 392 4365 ‹licendtun
405 4306 628 4386 praerniserarn,
649 4310 752 4390 paucis
766 4311 894 4388 aperiam
911 4309 1064 4371 sincerius.
1106 4304 1224 4383 Georgii
1239 4321 1323 4383 opus,

230 4388 442 4468 laudiacum,
462 4390 582 4474 publico
599 4392 740 4469 daturus,
763 4396 894 4473 Syncelli
908 4405 1020 4455 textum
1037 4394 1124 4468 verba
1138 4391 1236 4472 apices
1250 4387 1325 4449 nes·
