3109 4959
526 475 587 544 ur
607 472 958 544 amorauouns.
1186 433 1290 537 ἰιι

198 631 348 715 positione
360 633 581 695 corroboratur.
623 635 695 693 Post
705 633 856 694 Actiacam
866 630 1025 693 victoriam
1037 638 1067 691 et
1080 627 1292 693 Alexandriam
1333 704 1337 710 ,

198 721 334 779 Romano
351 717 421 796 iugo
443 719 613 797 subditam,
638 720 765 780 erratico
784 739 839 778 suo
860 738 937 777 anno
953 716 1130 796 repudiato,
1151 715 1246 776 fixum
1263 724 1293 774 et

200 813 316 862 certum
329 805 463 880 Augusto
476 803 593 863 Caesari
604 804 660 862 sibi
672 803 840 864 devinetius
856 780 1043 862 conciliando
1058 802 1199 882 deinceps
1213 801 1293 861 reci-

197 887 341 968 piendum
360 888 552 948 decernentes
566 889 720 969 Aegyptii,
741 890 824 967 quod
838 888 971 965 Augusto
992 907 1092 945 mense
1111 895 1140 945 et
1161 887 1293 946 eiusdem
1388 933 1391 942 ι

198 975 307 1031 mensis
323 972 371 1030 die
386 993 467 1042 nono
490 994 581 1053 supra
595 974 771 1051 vigesimum
794 973 857 1032 eius
880 994 911 1032 se
927 973 1132 1032 submisissent
1154 971 1293 1050 imperio,

199 1057 293 1117 eidem
309 1057 380 1115 anni
394 1058 544 1137 primique
566 1060 675 1118 mensis
689 1058 790 1118 Thoth
804 1058 994 1118 Neomeniam
1015 1057 1125 1116 suturis
1146 1055 1294 1136 tempori·

198 1140 254 1200 bus
265 1141 445 1220 alligandam
457 1152 633 1203 sanxerunt:
656 1154 686 1203 et
695 1144 949 1226 praescindendae
962 1141 1087 1218 antiquo
1102 1161 1181 1199 anno
1195 1141 1226 1199 in
1241 1159 1295 1220 po.

199 1235 312 1289 aterum
333 1228 463 1304 vagandi
476 1229 614 1287 licentiae
631 1229 710 1289 diem
730 1229 938 1288 intercalarem
954 1227 1032 1285 illuc
1048 1245 1143 1304 usque
1164 1225 1294 1284 inusita-

198 1319 265 1368 tum
278 1311 401 1386 singulis
416 1313 618 1387 quadrienniis
633 1314 830 1371 adiiciendum
846 1318 999 1372 curarunt.
1040 1311 1102 1370 Nec
1114 1311 1202 1368 modo
1216 1309 1295 1368 diem

198 1393 384 1452 admiserunt
396 1394 514 1454 Iuliano
528 1405 557 1456 et
569 1397 778 1474 Astrologico
769 1417 835 1456 aure
846 1397 1051 1464 inserendum
1074 1395 1208 1474 quinimo
1226 1413 1295 1452 eum

197 1469 322 1556 Augusti
340 1479 471 1538 Caesaris
485 1480 620 1558 gestique
639 1481 676 1540 ab
696 1502 730 1540 eo
747 1482 819 1540 belli
835 1481 952 1540 Actiaci
975 1489 1006 1538 et
1024 1477 1223 1538 Alexandriae
1244 1477 1294 1536 de·

197 1561 297 1621 uictae
308 1572 484 1643 tempestate
496 1565 699 1626 Pontificum
688 1567 808 1625 inscitia
822 1585 884 1624 non
897 1565 986 1624 leve
978 1585 1010 1623 m
1023 1564 1170 1622 Iulianum
1183 1581 1295 1622 aunum

197 1647 368 1706 intrusisset
382 1648 489 1708 vitium
497 1694 506 1725 ,
530 1672 565 1708 ac
578 1650 638 1708 iam
653 1651 715 1710 dies
728 1672 808 1710 unus
823 1650 991 1730 superfluus
1009 1660 1125 1729 praeter
1139 1648 1209 1708 Iulii
1224 1649 1294 1705 Cae-

198 1733 272 1790 saris
294 1742 324 1789 et
344 1733 544 1794 intercalandi
560 1736 693 1812 regulam
719 1737 791 1794 anni
812 1734 964 1794 curriculo
988 1735 1095 1792 fuisset
1117 1734 1276 1790 adiunctus
1284 1752 1294 1808 5

198 1815 312 1874 tactum
327 1825 387 1890 est,
406 1827 443 1874 ut
457 1819 509 1895 qui
524 1820 703 1877 Alexandria
717 1821 840 1876 subacta
861 1812 924 1875 dies
937 1816 1065 1893 Augusti
1084 1816 1192 1876 mensis
1207 1815 1294 1874 trice-

198 1900 306 1974 simus,
336 1909 367 1958 et
395 1899 427 1957 in
449 1901 619 1978 sequuturis
641 1902 868 1961 intercalaribus
889 1900 973 1960 annis
992 1901 1160 1960 tricesimus
1179 1900 1295 1981 primus

198 1985 354 2044 numerari
372 1985 533 2062 debuerat,
555 1987 593 2044 ob
610 1985 807 2044 redundantis
823 1987 913 2044 illius·
928 1985 989 2044 diei
1005 2004 1160 2045 excessum
1181 1984 1295 2045 vicesi-

198 2089 266 2128 mus
284 2070 432 2128 duntaxat
443 2090 541 2128 nonus
554 2070 645 2130 luerit
658 2079 858 2148 computatus.
900 2070 980 2128 Exin
999 2070 1139 2148 castigato
1155 2078 1224 2150 post
1237 2069 1296 2127 ali·

199 2164 276 2232 quot
297 2174 444 2214 annorum
466 2155 593 2228 spatium
615 2155 686 2213 anni
707 2155 816 2213 Iuliani
835 2173 951 2226 errore,
984 2155 1037 2232 qui
1058 2163 1126 2214 ante
1147 2155 1294 2214 devictam

198 2239 410 2299 Alexandriam
425 2259 488 2296 uno
506 2240 555 2296 die
567 2239 677 2296 limites
695 2247 881 2316 excesserat,
904 2237 941 2296 ad
964 2238 1092 2317 Augusti
1115 2241 1223 2299 mensis
1243 2259 1296 2298 se-

200 2324 267 2381 dem
282 2324 453 2380 vicesimam
470 2342 580 2380 nonam
595 2332 752 2381 revocatus
771 2333 834 2400 est3
856 2323 938 2403 quod
953 2324 1005 2382 ille
1021 2325 1179 2404 proculab
1196 2343 1297 2384 errore

199 2416 422 2481 numeraretur,
445 2407 656 2506 cumprimum
673 2407 799 2486 Augusti
817 2409 949 2469 Caesaris
967 2408 1125 2488 imperium
1140 2410 1299 2470 subierunt

199 2491 356 2571 Aegyptii,
378 2491 476 2550 licet
468 2512 526 2550 ram
551 2493 720 2570 trigesimus
744 2493 909 2570 diceretur,
932 2504 1081 2569 errantes,
1107 2503 1137 2553 et
1157 2495 1190 2553 in
1210 2493 1299 2554 annis

199 2575 430 2635 intercalaribus
454 2595 471 2633 a
491 2576 590 2656 primo
614 2598 704 2656 supra
731 2577 914 2664 trigesimum
944 2579 1194 2638 recensendoru'm
1223 2579 1297 2638 ordo

199 2663 339 2743 progredi
354 2671 515 2724 teneretur.
559 2663 694 2739 Legenda
713 2660 787 2721 haec
800 2649 880 2743 apud
901 2664 1085 2760 Scaligerum
1102 2664 1179 2722 libro
1191 2673 1298 2742 quarto

201 2748 238 2805 de
251 2747 406 2806 Emendat.
421 2747 523 2826 Temp.
539 2755 569 2804 et
583 2746 615 2804 in
629 2747 703 2825 laag.
719 2748 832 2808 Canon
848 2748 927 2808 libro
944 2747 1094 2824 trigesimo
1111 2749 1227 2825 primo,
1252 2768 1298 2806 ea-

200 2833 264 2915 pite
275 2831 470 2906 duodecimo,
492 2841 523 2889 et
538 2831 619 2910 apud
638 2832 794 2891 Petavium
809 2833 846 2892 de
861 2835 945 2893 Dect.
959 2834 1060 2912 semp.
1073 2832 1153 2892 libro
1173 2833 1298 2908 decimo,

202 2940 268 2998 cap.
289 2926 340 2982 71.
361 2917 480 2994 copiose
502 2917 654 2994 solideque
674 2925 818 2993 tractata,
842 2927 894 2977 aut
916 2918 1049 2997 Oedipus
1068 2918 1229 2978 verborum
1248 2916 1301 2976 bic

200 3004 368 3085 positorum
382 3000 515 3080 Spbyngs
508 3001 724 3061 declarandae
738 3003 985 3063 adinveniendus.

286 3107 354 3180 Pag.
377 3110 408 3170 9
427 3097 579 3175 Aesica]
594 3101 781 3182 Epiphanius
797 3105 886 3166 Haer.
896 3111 947 3172 39.
962 3099 1187 3186 Σαυηνιοιιιιλ.
1202 3103 1299 3164 Chro-

202 3191 293 3249 nicon
307 3166 454 3252 Alexand.
468 3198 498 3247 et
509 3189 591 3247 aliud
605 3185 693 3250 Ioelis
707 3209 770 3248 eam
785 3199 958 3250 memorant.

288 3291 510 3397 Καρποφορλαν
532 3294 618 3352 καλεῖ
634 3284 795 3395 qypapq'.]
819 3293 925 3354 Genes.
944 3292 1040 3372 capite
1059 3300 1186 3370 quarto,
1206 3311 1298 3354 versu

203 3373 394 3450 secundc,”
372 3399 480 3456 quyae
495 3369 650 3438 liutadus*
663 3379 723 3436 τῶν
736 3381 865 3524 aupuqia
873 3401 928 3484 spe
940 3381 996 3458 γῆς
1009 3377 1122 3439 θυσίαν
1135 3381 1211 3438 sai
1193 3379 1297 3464 aupito-

204 3472 280 3523 etv.
299 3461 329 3526 4
345 3459 492 3523 insideri
511 3456 614 3534 Θεόςέ
600 3456 674 3522 inni
666 3462 764 3540 Αβελ,
786 3461 838 3524 καὶ
851 3461 900 3524 rra
915 3483 977 3532 τοις
989 3455 1152 3540 dacore
1112 3485 1216 3524 aaron

198 3597 200 3603 ν
290 3557 451 3638 Μαλελεήλ
472 3559 609 3639 ἐγέννησε
627 3567 688 3623 τῶν
706 3559 914 3633 Μαθουσάλα]
943 3562 987 3620 Ita
1006 3563 1110 3640 legunt
1130 3570 1183 3630 70.
1204 3565 1299 3624 Inter-

203 3658 312 3731 pretes.
353 3643 519 3706 mathusala
545 3653 589 3702 est
596 3645 686 3724 ,qui
708 3665 746 3704 ex
772 3645 865 3723 Seth,
892 3645 1070 3725 mathusael,
1076 3650 1196 3728 quie
1224 3649 1298 3708 Cain

204 3744 289 3796 ortus
304 3741 358 3792 est.
446 3784 450 3790 .

294 3831 388 3898 rw
369 3854 455 3895 saror
467 3829 584 3902 alaisa]
604 3829 739 3909 Spatium
752 3829 895 3911 intellige,
911 3843 1039 3892 aetatem
1051 3833 1160 3892 mundi
1174 3790 1298 3891 dictum.

290 3935 432 4012 Pag.10
452 3926 623 4012 litesque]
653 3932 784 3991 Eandem
805 3954 843 3994 ex
861 3956 957 4016 parva
979 3936 1086 3996 Genesi
1105 3932 1302 4014 Epiphanius,

209 4016 383 4077 ChromAl
345 4019 489 4080 Alexand.
508 4026 536 4075 et
554 4017 640 4076 loelie
655 4028 830 4082 memorant.

297 4104 346 4183 Τῷ
366 4097 439 4182 σμγ’.
456 4102 514 4163 ἔτει
535 4105 590 4163 τοῦ
605 4099 721 4182 Ἀδάμ]
744 4103 909 4184 Periccpen
929 4101 1010 4164 banc
1031 4113 1099 4162 ante
1119 4103 1301 4182 superiorem

205 4204 340 4264 repono,
367 4195 397 4242 et
416 4186 495 4264 quod
518 4187 611 4264 ratio,
633 4199 664 4248 et
683 4187 830 4248 humanae
850 4189 1035 4248 educationis
1055 4188 1152 4266 poscit
1173 4209 1302 4248 consuc-

206 4272 300 4347 ΜΟ
323 4271 398 4345 ¹⁰⁸⁰·
419 4293 460 4352 ‘i'
448 4267 547 4349 ⁶²7
564 4271 621 4333 ἔτει
637 4295 691 4336 του
679 4266 799 4355 ’Addp
813 4267 1182 4358 ἆπεγαλακιίσθηὸΣήθ.
1217 4275 1303 4334 Itane

207 4355 282 4418 Setb
298 4354 383 4413 annis
401 4355 448 4418 13.
463 4352 512 4410 lac
527 4355 633 4414 suxit‘t

292 4439 326 4504 0
351 4433 426 4519 Σὴθ
449 4433 591 4521 ἇρπιιγεὶς
608 4437 670 4502 aiud
689 4444 750 4504 ruis·
769 4435 826 4526 clyp
828 4441 924 4522 ἕλικι]
955 4443 1085 4502 Locus
1075 4463 1108 4502 m
1131 4444 1192 4506 MS.
1211 4443 1303 4522 Regio
