3109 4959
545 459 605 525 ΕΤ
628 457 1001 525 saponariorum..
1199 542 1201 544 V
1232 441 1307 519 453

218 615 310 680 8271.
337 631 461 690 regnum
483 625 637 688 assecuto,
664 614 702 673 ad
725 613 877 674 excidium
898 611 1058 672 Troianum
1080 620 1112 672 et
1131 611 1312 673 Teutamum·

217 697 392 774 vigesimum
412 707 442 758 ot
462 700 620 780 septimum
643 719 759 776 regem,
782 700 836 757 sub
855 717 916 776 quo
938 697 1084 756 [liodorus
1113 693 1163 779 (ut
1177 706 1207 755 et
1220 698 1309 756 Euse-

215 780 294 860 bius)
317 781 433 840 cladem
448 783 529 842 illam
547 784 723 857 constituit,
745 802 891 861 nusquam
908 801 1001 840 annos
1023 782 1105 840 mille
1126 799 1307 841 numerave-

215 865 274 942 rit,
297 885 364 924 cum
386 867 545 928 Teutamus
561 870 612 928 ille
627 868 730 927 mundi
751 869 844 933 4124.
865 886 921 924 rex
937 867 1105 926 declaratus
1119 865 1310 944 Assyriorum

216 949 334 1028 imperii
349 971 365 1008 a
379 951 458 1010 Nino
476 954 634 1014 instaurati
652 955 731 1014 solos
747 954 820 1018 853.
836 947 948 1025 asinos,
969 959 1028 1010 eta
1043 950 1114 1010 Belo
1132 951 1223 1029 positi
1237 955 1309 1016 909.

211 1035 358 1114 attingate
388 1046 417 1095 et
439 1035 489 1096 hic
508 1049 682 1119 computus,
709 1047 744 1097 ut
761 1031 858 1115 Qud.
878 1040 951 1102 942.
972 1035 1004 1094 iu
1027 1033 1216 1110 marginalem
1232 1027 1310 1105 759'.
1326 1033 1409 1093 Ui

215 1123 287 1184 909.
305 1129 468 1197 mutarem,
491 1143 537 1181 me
552 1117 690 1202 inipulite¹
711 1122 766 1180 etsi
780 1126 853 1188 909.
869 1122 955 1178 annis
968 1119 1119 1179 addendos
1132 1120 1234 1192 fatear,
1256 1117 1311 1197 qui

215 1223 233 1258 a
254 1203 389 1261 Teutami
410 1207 564 1286 principio
586 1209 623 1268 od
645 1208 827 1266 destructam
848 1224 943 1284 usque
965 1203 1085 1264 Troiam
1103 1203 1310 1263 decurrerunt.

215 1285 240 1344 li
253 1306 345 1364 porro
360 1299 430 1348 sunt
446 1291 496 1355 24.
519 1292 665 1370 (Τοοῑοπιὶ
679 1310 809 1370 namque
821 1288 884 1349 sive
899 1289 1040 1349 'l'autanis
1054 1293 1105 1355 26.
1121 1308 1143 1346 a
1153 1287 1231 1353 Nino
1244 1286 1310 1345 As·-

216 1371 363 1449 syriorum
376 1373 469 1449 regis,
491 1378 538 1433 vel
556 1397 573 1432 a
590 1377 660 1436 Belo
676 1383 729 1442 27.
744 1395 823 1434 anno
838 1375 890 1440 25.
912 1374 1033 1435 Troiam
1054 1393 1184 1432 eversam
1199 1390 1309 1430 memo·

214 1464 263 1515 rat
278 1455 430 1536 Eusebius)
455 1469 484 1516 et
501 1460 745 1538 praecedentibus
759 1464 831 1525 909.
846 1459 980 1518 adiuncti
994 1457 1126 1518 reddunt
1138 1459 1209 1522 983.
1224 1475 1310 1513 aum-

215 1559 304 1599 mam.
334 1541 469 1614 Quadrat
481 1543 531 1601 hic
546 1545 656 1604 l'etavii
672 1544 811 1602 doctrina
829 1541 883 1603 lib.
904 1547 934 1610 9.
957 1563 1023 1621 cap.
1045 1542 1095 1606 14.
1126 1540 1163 1598 lu
1175 1541 1309 1597 Graeco·

216 1643 284 1681 rum
311 1627 513 1686 monumentis
538 1629 668 1706 legitur,
696 1629 889 1702 Teutonum,
923 1627 985 1686 rive
1010 1625 1191 1700 lantonem,
1220 1621 1271 1700 qui
1291 1641 1310 1679 a

177 1756 181 1766 .
214 1707 366 1774 11111026.
390 1721 580 1787 numeratur,
606 1714 723 1772 Priamo
741 1711 884 1770 adversus
905 1711 1033 1770 Graecos
1053 1707 1164 1767 auxilia
1189 1707 1311 1767 misisse.

215 1790 305 1862 Quod
326 1811 364 1849 ex
383 1792 514 1851 Diodoro
536 1797 664 1872 sumpsit
685 1796 841 1854 Eusebius.
885 1797 943 1852 Sed
964 1805 1134 1870 temporum
1150 1791 1225 1848 ratio
1247 1811 1310 1848 iton

214 1875 286 1934 satis
309 1884 437 1934 constat.
479 1876 553 1936 Nam
578 1879 691 1957 primus
714 1879 849 1935 'l'eutami
870 1897 965 1934 annus
980 1875 1013 1932 in
1033 1873 1197 1932 Eusebiano
1216 1873 1311 1932 Chro-

215 1959 284 2018 nico
299 1957 406 2020 incidit
419 1960 452 2019 in
464 1981 580 2021 artatum
592 1963 627 2020 ab
646 1959 804 2044 hhralnpni
821 1970 890 2019 ortu
907 1965 978 2025 811.
992 1959 1099 2034 quibus
1114 1958 1137 2015 si
1156 1959 1207 2026 42.
1228 1959 1310 2036 Nini,

215 2044 267 2122 qui
281 2044 470 2104 Patriarchae
491 2046 618 2106 natalem
633 2045 834 2120 antecedunt,
854 2055 884 2102 et
904 2044 965 2102 Beli
980 2045 1030 2108 55.
1044 2042 1211 2118 addideris,
1233 2061 1310 2102 eon·

214 2129 289 2188 liettt
308 2129 345 2187 ab
367 2129 453 2188 initio
473 2129 538 2190 Beli
558 2131 596 2189 ad
616 2130 790 2208 vigesimum
806 2129 943 2208 quintum
965 2128 1116 2202 Teutumi,
1138 2147 1198 2205 quo
1219 2126 1309 2186 Troia

216 2221 304 2294 capta
323 2224 520 2293 memoratur,
546 2214 711 2280 6111ιί832.
743 2215 897 2272 Caeterum
917 2213 954 2270 ad
975 2211 1075 2286 tiabit,
1102 2211 1164 2270 sive
1184 2211 1307 2269 secundi
1321 2218 1352 2273 Ρ.
1370 2217 1405 2276 47

215 2298 361 2357 'l'autania
372 2308 507 2380 tempora
525 2299 677 2382 excidium
691 2299 797 2358 Troiae
811 2297 968 2358 submovet
986 2294 1117 2371 tortor,
1139 2295 1177 2354 do
1195 2315 1256 2374 quo
1277 2296 1310 2356 iu

216 2403 257 2443 sa(
269 2383 418 2442 uentibus.

255 2405 267 2462 l
300 2469 368 2545 l'ug·
392 2473 462 2534 167.
482 2461 550 2530 Ἐπὶ
572 2464 821 2547 Δημοφῶντος]
851 2465 1035 2527 lldreraatur
1057 2463 1173 2523 sibimet
1195 2461 1312 2523 Autbor

216 2549 294 2612 inira
311 2571 377 2631 pag.
387 2557 457 2620 172.
473 2553 507 2613 l).
524 2553 638 2612 cladem
654 2553 813 2612 'l'roianam
825 2552 857 2611 in
872 2548 1034 2610 Menesthei
1050 2549 1185 2608 ultimum
1198 2567 1311 2608 annum

216 2654 370 2696 revocans.
391 2637 423 2693 Si
439 2648 537 2696 tamen
552 2633 666 2712 adini,
688 2657 742 2717 per
756 2633 850 2712 nord,
871 2635 932 2695 hoe
945 2639 1004 2703 est,
1025 2655 1146 2708 versus,
1169 2641 1311 2712 exponet,

215 2721 318 2780 nullus
338 2720 371 2780 in
389 2721 451 2781 eius
467 2722 556 2782 dictis
576 2721 750 2781 conflictus:
771 2741 874 2782 versus
891 2721 969 2781 enim
985 2716 1216 2795 Demophoontis
1230 2727 1310 2776 tem-

201 2809 203 2813 '
215 2824 292 2885 pora
306 2815 375 2865 ante
389 2807 473 2884 regni
489 2806 551 2868 eius
565 2825 674 2866 annum
693 2807 826 2885 primum
840 2826 942 2866 eversa
954 2813 999 2862 est
1014 2803 1113 2863 Troia.

176 2925 184 2936 .
302 2891 656 2971 Krestotovtstonpogt
673 2891 894 2970 Cephalionem,
909 2881 1310 2968 Cephalaeouemetcepha·

216 2975 430 3051 ionem,atnon
445 2976 572 3034 eundem
580 2975 671 3034 scribi
684 2975 795 3035 nemini
805 2975 930 3034 dubium
943 2993 1006 3032 esse
1019 2973 1113 3046 dehet,
1127 2970 1311 3048 Κεφαλίωνα

215 3060 321 3118 scribit
333 3059 457 3118 l‘botius
472 3071 502 3119 ct
517 3062 717 3136 Kepuininwo
732 3058 865 3118 sectione
876 3065 927 3124 70.
936 3066 965 3114 et
975 3061 1044 3122 161.
1061 3065 1096 3114 ut
1110 3053 1160 3113 hie
1175 3051 1311 3113 buthora

216 3139 389 3219 deodiceret
402 3145 517 3220 Suidas,
531 3146 636 3204 Strabo
646 3144 695 3203 lib.
708 3147 754 3210 13.
765 3153 796 3202 et
810 3143 967 3222 Dionysius
979 3141 1235 3201 llaliearnassaeus
1249 3139 1310 3196 An·

215 3225 269 3305 tiq.
285 3227 369 3285 liam.
386 3227 438 3284 lib.
457 3235 484 3292 1.
498 3229 637 3306 quocirca
655 3229 800 3287 Strabone
815 3237 846 3287 et
863 3228 1003 3304 Dionysio
1016 3224 1099 3285 hunc
1112 3223 1309 3300 antiquiorem

215 3329 280 3382 nort
291 3307 392 3368 debuit
405 3311 511 3370 Suidas
523 3313 561 3368 ad
578 3312 699 3368 Adriani
717 3323 850 3388 tempora
866 3312 1048 3370 submovere.
1071 3311 1169 3367 Pauca
1183 3305 1256 3362 baec
1269 3322 1309 3362 ex

216 3393 344 3471 Allatio,
366 3394 491 3454 Allatius
506 3395 568 3474 ipse
587 3393 676 3473 plura
689 3395 726 3452 do
740 3393 919 3473 Cephalione
932 3402 961 3450 et
976 3393 1040 3451 eius
1059 3388 1196 3467 scriptis,
1217 3408 1309 3467 quam

215 3479 376 3559 ἔπίοημος,
396 3477 449 3540 nal
463 3471 506 3550 εἷς
524 3471 610 3557 ου’χό
625 3474 739 3559 τυχών,
762 3479 908 3556 opusculo
928 3476 966 3535 de
985 3475 1082 3554 patria
1098 3473 1217 3534 llomeri
1235 3493 1262 3531 c.
1280 3478 1308 3538 1.

216 3585 277 3642 quo
290 3583 364 3642 quae
377 3562 414 3622 ‹le
429 3561 610 3642 Cephalione
623 3564 656 3622 iu'
670 3563 733 3623 suis
746 3562 832 3622 Notis
850 3582 880 3642 p.
898 3565 971 3630 254.
983 3559 1189 3621 hallucinatur
1210 3556 1318 3616 Scali-.

215 3646 315 3726 geria
331 3648 429 3708 lucam
446 3647 627 3730 produntur.

302 3733 365 3796 Kal
390 3737 452 3796 nir
475 3736 590 3796 λοιπῶν
611 3731 655 3806 εἰς
675 3728 710 3816 ,α’

216 3808 261 3899 ια’.
283 3813 345 3894 ἔτη.
621 3845 623 3851 ·

300 3900 368 3976 Pug-
390 3905 461 3964 168.
486 3899 521 3963 Ὀ
545 3899 647 3980 μέντοι
674 3891 822 3976 Εὗοὲβιος
841 3897 948 3976 καίπερ
969 3891 1199 3977 πραγματείαν]
1226 3891 1307 3951 Ηοοο

218 3981 348 4062 Scaliger
368 3985 436 4042 Not.
457 3985 529 4051 254.
548 3995 579 4042 et
592 4003 657 4062 pag.
674 3982 763 4048 2111.Ι
778 3981 897 4061 priora:
919 3990 948 4038 et
965 3982 1108 4058 quaedam
1122 3999 1160 4038 ex
1175 3996 1307 4056 sequeu-

218 4069 297 4130 tibus
320 4065 426 4146 prioris
440 4065 500 4124 loci
514 4067 653 4124 columna
667 4066 796 4124 secunda
812 4077 842 4125 et
853 4065 958 4145 pagina
972 4071 1023 4130 57.

306 4156 354 4234 Τῷ
368 4145 500 4230 Κάστορι
515 4154 629 4230 μᾶλλον
643 4142 879 4228 ἀκολουθήσας]
909 4149 984 4223 Quis
997 4149 1050 4206 ille
1069 4145 1198 4206 Castoris
1212 4147 1308 4206 vesti·

219 4238 266 4316 gia
289 4235 450 4316 sequutus?
478 4235 639 4295 Eusebius:
660 4233 819 4313 respondet
835 4233 961 4295 Author.
992 4235 1033 4291 At
1050 4233 1076 4290 si
1096 4234 1243 4290 Castorem
1258 4251 1308 4288 se-

219 4331 332 4400 quutus
355 4318 498 4380 Eusebius
523 4319 645 4379 insulis
667 4318 789 4396 triginta
802 4337 854 4376 rex
876 4317 1064 4396 Assyriorum
1081 4317 1197 4394 regibus
1215 4315 1307 4373 colli.

218 4406 322 4485 gaudis
332 4450 341 4484 ,
365 4405 570 4485 clamatione,
599 4424 656 4483 apua
680 4405 794 4477 leonte,
816 4401 923 4462 matam
943 4399 1061 4462 Eusebii
1082 4401 1115 4459 in
1132 4400 1307 4461 Africanum

711 3774 719 3790 .
741 3728 844 3808 droia]
874 3730 950 3808 Lege
970 3725 1022 3790 eol
1043 3729 1104 3788 τοῖν
1123 3727 1239 3790 ioannis
1264 3725 1309 3799 ele
