3109 4959
564 453 625 519 ET
647 450 998 519 ANNOTATIONES.
1259 445 1333 516 421

327 602 511 692 Kopionpc]
536 607 698 692 Cometes:
721 629 784 672 non
804 616 841 668 ut
862 607 994 688 Scaliger
1013 607 1336 692 iniuriosesssupcoesig,

244 693 461 877 coruihiitd‘id
482 773 537 859 κβ.
555 774 728 862 Εὕροττος.]ι
740 773 983 838 Emendationeau
1003 778 1130 858 praebant
1144 779 1330 858 Chronogra-
1348 784 1381 841 V.
1393 787 1430 843 82

241 861 490 1025 plucgplsspptppp
500 940 565 1026 κε’]
594 944 688 1006 hunis
701 947 844 1007 indebitis
858 953 909 1014 20.
924 968 1079 1007 numerous
1096 957 1184 1024 auget
1203 947 1335 1022 Scaliger

240 1049 306 1109 peg.
327 1039 376 1097 20.
396 1040 426 1090 et
441 1026 494 1111 με’.
509 1032 636 1111 reponit.
668 1033 814 1091 Eusebius
834 1034 956 1092 latinus
976 1035 1054 1092 solos
1069 1036 1120 1100 26.
1132 1033 1247 1094 retinet.
1276 1033 1334 1092 Fa-

239 1125 321 1174 ctum
335 1126 434 1175 temen
451 1118 617 1175 emendavit
630 1117 682 1175 ille
695 1119 727 1175 in
742 1120 852 1176 Canon.
867 1119 978 1195 isagog.

324 1220 391 1292 Peg.
417 1222 485 1282 103.
509 1209 566 1278 Ἦν
585 1218 649 1291 ἔτος
667 1213 768 1300 pppfl]
799 1221 916 1276 Xerxes
935 1218 972 1276 ad
992 1217 1100 1275 solium
1120 1237 1197 1276 aratro
1218 1217 1333 1292 vulgari

239 1302 343 1362 urundi
364 1304 456 1367 3473.
475 1313 592 1360 erectus
611 1323 671 1360 rron
700 1304 798 1382 potuit
819 1324 966 1382 occupare
988 1302 1073 1359 assisis
1087 1305 1137 1367 30.
1158 1302 1215 1360 nisi
1228 1302 1334 1361 dereli-

239 1388 352 1465 querit,
375 1408 453 1444 anno
472 1391 563 1451 3503.
578 1407 635 1464 quo
651 1409 802 1460 successor
818 1386 1031 1445 Arsrrcnnthres
1044 1387 1170 1465 excepit.

322 1484 471 1567 Κόγχαρις
485 1489 534 1566 ἔτη
550 1484 596 1568 ς’.]
627 1491 685 1547 Sex
700 1511 792 1548 annos
809 1488 955 1547 Conchari
971 1488 1144 1552 tribuendos
1159 1486 1266 1567 probat
1285 1509 1334 1546 sc·

238 1592 333 1648 spuens
348 1570 558 1651 Aegyptiorum
580 1595 633 1634 rex
654 1576 753 1632 Siiites
769 1596 847 1632 attho
864 1576 958 1640 3477.
976 1573 1100 1652 sceptris
1115 1574 1243 1652 potitus,
1266 1582 1334 1651 post

237 1655 414 1713 &hecherius
438 1657 577 1714 nimirum
597 1659 633 1715 ab
655 1681 733 1716 sarno
752 1662 843 1723 3471.
862 1659 899 1715 cd
919 1657 1087 1714 huiusmodi
1101 1659 1193 1722 3477.
1207 1677 1334 1732 regnen-

235 1749 305 1796 tcns.
329 1734 484 1819 Κόγχαρος
499 1741 604 1797 scribit
618 1744 756 1818 Scaliger,
782 1762 868 1818 quern
883 1741 1020 1813 gignendi
1040 1761 1124 1796 casus
1144 1742 1236 1798 ultera
1254 1742 1334 1798 linea

234 1823 348 1903 positus
372 1844 472 1880 corern
494 1823 701 1892 (hnnnnoticis
724 1829 837 1899 arguit:
871 1823 979 1881 ibidem
1000 1824 1096 1900 plagin.
1118 1824 1258 1901 Excerpt.
1281 1830 1330 1889 21.

234 1907 286 1966 ubi
308 1917 410 1965 uertet
430 1927 467 1964 ex
490 1908 615 1966 Eusebio
638 1905 733 1993 τούτῳ
754 1912 796 1992 τῷ
817 1909 874 1970 ἔτει
892 1912 948 1970 τοῦ
961 1902 1014 1970 κε’.
1028 1904 1271 1988 βασιλεύσαντες,
1294 1909 1332 1968 dc

235 2012 294 2071 quo
311 2012 390 2051 errato
404 1991 514 2050 scribat
530 1992 665 2052 divinare
680 1993 801 2072 nequit,
824 1993 900 2052 ideo.

325 2089 426 2177 Toaiep
446 2097 488 2178 api
508 2089 544 2164 ς’.
566 2093 648 2174 ἔτερ]
672 2095 703 2152 Si
723 2096 860 2172 quintum
887 2114 953 2153 cum
976 2093 1109 2151 librario
1137 2094 1286 2172 posueris,
1313 2118 1330 2152 n

235 2183 328 2244 2776.
351 2179 388 2237 dc
402 2198 462 2256 que
479 2179 636 2237 confestim
653 2178 789 2258 Aether,
809 2200 871 2237 non
892 2179 1004 2258 poterit
1024 2198 1086 2236 csse
1104 2179 1330 2259 septingentesi-

235 2282 316 2340 mus,
338 2285 404 2322 cunr
422 2284 500 2321 arasse
518 2265 612 2329 3471.
631 2261 762 2344 coeperit
776 2283 898 2338 regnare
914 2262 1088 2324 Cenchreis.

318 2363 495 2439 Δτεὸὲξαντο
514 2367 646 2446 βασιλεῖς
664 2369 786 2427 Tovices
798 2359 846 2440 d'.]
868 2366 959 2440 Reges
980 2365 1054 2423 istos
1067 2364 1187 2422 Tanites
1202 2373 1330 2442 quatuor

233 2468 295 2506 non
310 2449 457 2528 expressit
472 2451 633 2526 Georgius,
655 2452 703 2510 vel
719 2453 782 2508 eius
796 2449 959 2510 librarius:
980 2449 1162 2509 Alterutrius
1179 2450 1329 2508 desectum

233 2551 294 2589 vex
306 2535 401 2595 λείπει
417 2534 447 2591 in
464 2534 526 2595 MS.
542 2555 702 2604 occurrens
717 2535 824 2608 arguit.
846 2535 966 2594 'sanitas
981 2545 1096 2609 autern,
1117 2534 1180 2592 sire
1195 2534 1328 2593 Pelusio-

233 2624 295 2688 tae,
316 2617 615 2695 maxirnenscsnorat,
640 2611 722 2697 quasi
735 2621 771 2676 od
792 2627 958 2679 extremuni
977 2611 1105 2699 Aegypti
1124 2618 1213 2677 herem
1227 2629 1327 2678 retru-

233 2720 297 2775 sos,
320 2721 355 2759 eo
373 2709 524 2777 ternpore,
547 2723 606 2778 quo
628 2723 710 2778 reges
729 2704 881 2776 Pastores,
910 2704 1084 2781 (Phoenices
1104 2713 1133 2762 ct
1155 2703 1326 2780 peregrinos

233 2803 316 2862 roges
330 2804 368 2842 ex
383 2783 559 2844 Mastcthonc
574 2795 660 2844 vocet
675 2785 818 2843 Eusebius
833 2805 900 2864 pag.
918 2793 969 2851 61.
984 2788 1023 2845 D.
1038 2795 1068 2844 et
1084 2785 1226 2863 Iosephus
1240 2786 1325 2865 Hyc-

222 2890 302 2944 .sos,
323 2869 354 2926 id
367 2879 411 2927 est
422 2889 504 2947 reges
521 2867 666 2949 penteres)
688 2869 870 2948 superiorem
885 2870 1052 2950 Aegyptum
1071 2889 1233 2950 occupasse
1249 2870 1327 2930 scri-

233 2955 295 3034 psit
309 2953 450 3033 Iosephus
468 2955 608 3015 adversus
621 2953 767 3034 Apioncm
783 2954 835 3014 lib.
849 2959 878 3020 1.

306 3050 381 3130 Ἔτη
405 3051 489 3126 cvd'.]
512 3055 559 3114 Ad
579 3056 682 3116 mundi
704 3056 798 3121 8477.
816 3076 878 3135 quo
888 3075 1012 3132 regnare
1025 3063 1188 3134 coeperunt
1206 3055 1327 3115 Tanitsc

232 3133 339 3195 additis
359 3139 432 3201 254.
447 3158 559 3196 annum
575 3141 680 3199 mundi
691 3145 785 3204 3731.
801 3141 1024 3216 consequimur,
1047 3140 1132 3196 cuius
1148 3139 1326 3198 succedente

231 3224 326 3287 3732.
347 3221 472 3298 Moysen
486 3232 588 3279 reatum
602 3224 700 3301 pagin.
714 3228 763 3287 68.
776 3225 809 3280 Β.
826 3232 856 3279 et
869 3228 919 3287 69.
933 3223 966 3282 B.
986 3239 1054 3278 cum
1071 3242 1170 3282 errore
1191 3224 1262 3282 licet
1281 3245 1325 3282 as-

231 3315 364 3366 seruerat
393 3305 546 3381 Georgius.
596 3307 638 3364 Ee
661 3315 838 3385 tempestate
858 3305 976 3385 Hycsos
1003 3304 1204 3368 l'lebraeorum
1230 3310 1324 3368 maie-

231 3391 345 3534 reshab
371 3389 523 3471 Aegyptiis
548 3409 698 3470 repressos
727 3399 758 3450 et
787 3390 944 3472 depressos
972 3388 1108 3471 depingit
1133 3393 1243 3451 citatus
1273 3395 1322 3452 to-

230 3494 262 3533 se
307 3496 350 3534 us.

260 3495 282 3565 Ρ
313 3553 479 3638 decennos
499 3556 531 3623 di
551 3559 584 3622 ἒν
602 3562 650 3644 τῷ
668 3557 819 3644 δευτέρῳ]
848 3559 1044 3622 Profectionls
1065 3581 1104 3619 ex
1123 3560 1256 3640 Aegypte
1271 3561 1321 3620 hi-

231 3642 355 3704 storiam
366 3645 418 3704 lib.
435 3645 467 3703 in
483 3646 624 3724 hpionern
647 3645 746 3723 primo
769 3645 973 3723 consignatam
994 3645 1100 3703 esculus
1119 3647 1321 3724 deprehendit.

312 3722 382 3792 'Easi
404 3734 461 3792 τοῦ
480 3727 527 3810 ιβ’.
548 3725 620 3811 μετὰ
637 3725 708 3802 code
729 3727 958 3810 προγραφέντας
976 3724 1047 3810 κε’.]
1082 3730 1173 3789 Fallit
1192 3731 1321 3809 seipsum

231 3811 383 3891 Georgius.
420 3813 723 3895 Alisphragmuthosis
743 3815 822 3870 enirn
845 3814 961 3894 Hycsos
991 3814 1055 3872 sive
1078 3834 1159 3890 reges
1189 3826 1321 3894 pastores

229 3895 308 3955 bello
326 3919 477 3977 aggressus
493 3910 577 3978 pater
590 3896 742 3958 't'herncsis
759 3898 874 3974 extitit,
896 3897 947 3977 qui
968 3899 1087 3957 eosdem
1110 3900 1245 3980 Aegypto
1265 3920 1321 3958 ex·

230 3981 334 4040 cedere
353 3984 510 4063 consepelit.
552 3985 581 4043 Is
595 4004 667 4043 vero
682 3981 899 4062 septinrusest,
919 4002 983 4041 non
999 3982 1203 4046 duodecimus.
1246 3986 1322 4043 Sane

230 4065 406 4126 duodecimo
422 4087 529 4126 nornen
541 4077 586 4128 est
600 4065 913 4148 hlisphragmuthesis‚
935 4067 988 4126 sed
1003 4076 1084 4144 gesta
1096 4067 1158 4127 eius
1172 4068 1255 4128 nulla
1273 4068 1320 4127 lo·
1338 4075 1369 4132 P.
1380 4077 1414 4133 ³⁵

230 4149 336 4229 sephus
353 4149 383 4208 in
397 4151 529 4211 medinm
544 4154 667 4232 profert.
708 4153 743 4211 ln
757 4150 815 4210 hoc
828 4150 1030 4212 hallucinatur
1053 4152 1216 4231 Georgius,
1238 4153 1321 4232 quod

229 4233 405 4294 laterculum
421 4255 509 4295 suum
524 4247 553 4296 et
567 4236 684 4318 losephi
699 4235 855 4317 proprium
868 4237 1049 4309 confundat,
1071 4246 1149 4298 etex
1165 4237 1318 4296 rseminum

228 4319 379 4399 paritate,'
390 4339 466 4398 quac
481 4319 554 4380 inne
568 4323 765 4403 adaptentur,
786 4320 873 4383 elteri
888 4321 959 4382 velit
973 4320 1106 4384 attribui.
1147 4323 1238 4402 ilegcs
1251 4323 1320 4382 ilios

136 4474 139 4478 1
228 4404 352 4466 inscrior
365 4413 435 4464 stota
449 4425 487 4464 cx
500 4405 629 4486 losepho
641 4409 782 4488 proteret.
