3109 4959
532 467 592 534 ET
614 464 963 535 ANNOTATIONES.
1220 453 1291 528 491

208 623 358 687 mensibus
376 625 407 690 0.
427 622 461 683 in
481 643 592 682 annum
613 624 726 704 putatis
751 630 890 702 occupat.
931 621 1067 680 Sedecias
1091 623 1191 699 itaque
1216 642 1295 682 anno

209 710 302 776 4893.
323 728 377 768 rex
397 707 564 766 declaratus
580 716 650 786 post
669 727 764 766 anrros
783 712 832 772 11.
855 707 887 764 id
908 715 954 763 est
968 707 1073 766 mundi
1089 707 1182 773 4903.
1196 707 1228 765 in
1244 728 1297 764 ca-

209 793 373 873 ptivitatem
385 792 529 851 abductus
544 800 601 852 est:
622 801 652 851 et
666 791 768 850 eodem
782 792 875 859 4903.
891 790 1037 868 integrum
1049 791 1164 850 civitati
1178 801 1297 852 sanctae
1360 826 1370 843 ι

210 877 359 943 excidium
373 897 390 934 a
405 875 607 936 Nabuzardam
619 875 738 935 illatum
753 885 805 934 est.

293 964 359 1040 Pag.
381 966 452 1027 226.
476 957 511 1024 Ὅ
530 960 629 1040 μέντοι
650 956 826 1040 Εὐσέβιος]
860 958 961 1019 Editio
986 958 1093 1018 Latine
1118 957 1237 1018 Eusebii
1258 958 1297 1018 ad

209 1064 319 1108 nanum
333 1044 467 1105 Abrahae
485 1044 576 1111 1416.
594 1044 784 1104 consulenda.

193 1160 195 1162 ·
293 1125 383 1210 Msp’
403 1124 478 1204 iil-ue
496 1124 689 1211 λογισάμενος
704 1125 740 1191 τοὶ
754 1128 885 1210 Δαρείου
905 1131 960 1188 τοῦ
975 1120 1152 1208 ’Λστυοῖγους
1172 1125 1222 1205 ἔτη
1238 1120 1299 1206 affl]

209 1215 326 1295 Ecquid
351 1214 488 1293 Astyagis
516 1233 663 1273 asinorum
688 1213 798 1273 oblitus
820 1222 864 1271 est
883 1211 1046 1288 Eusebius,
1067 1212 1124 1290 >qui
1153 1232 1299 1290 expartsos

209 1302 298 1360 etiam
315 1307 382 1358 octo
397 1319 486 1378 super
500 1299 622 1376 triginta
640 1298 796 1358 recenset'l
818 1299 864 1356 Ex
880 1297 1002 1376 propria
1017 1306 1046 1354 et
1060 1297 1222 1354 adversarii
1244 1295 1300 1353 do·

210 1385 305 1444 ctrina
326 1383 492 1462 composito
511 1385 550 1442 ad
572 1382 723 1442 hominem
737 1392 912 1459 argumento
929 1382 1004 1440 solet
1016 1381 1134 1440 Author
1146 1381 1300 1438 adversam

210 1468 342 1549 quamvis
354 1469 530 1527 sententium
542 1471 697 1548 impetere:
719 1476 902 1548 quapropter
916 1466 1025 1526 usitato
1036 1467 1136 1544 potius
1151 1474 1182 1524 et
1194 1473 1299 1541 arguto

209 1575 308 1629 rasore,
331 1573 419 1631 quam
436 1553 517 1612 fideli
532 1553 673 1630 arguendi
686 1551 767 1628 iure,
788 1552 906 1610 lacessit
917 1550 1083 1614 Eusebium.
1112 1551 1160 1608 Ex
1176 1549 1300 1631 propria

210 1639 329 1718 quidem
346 1638 485 1697 doctrina
504 1637 739 1716 Hierosolymam
755 1637 840 1713 regni
857 1639 906 1701 19.
921 1634 1227 1695 :Nabuchodonosor
1245 1633 1301 1693 de·

210 1731 357 1782 vastatam
370 1741 539 1800 supponens
556 1723 714 1798 Georgius,
736 1720 911 1778 calamitatis
926 1727 1042 1797 tempus
1057 1721 1089 1777 in
1104 1719 1223 1778 Eusebii
1241 1719 1301 1775 (la-

210 1804 302 1866 noniu
319 1806 451 1882 Astyagis
463 1825 541 1863 aranu
556 1825 636 1864 rsono
650 1824 688 1862 ex
703 1824 797 1882 aequo
812 1802 992 1882 respondere
1004 1803 1164 1882 prospicit:
1192 1803 1300 1862 exinde

210 1888 485 1950 Nabuchodonosor
500 1889 551 1954 24.
570 1891 669 1963 annis,
691 1887 798 1947 Evilud
819 1885 979 1946 Merodscb
1001 1887 1147 1966 quinque,
1167 1887 1301 1946 Baltasar

209 1974 305 2035 tribus
318 1973 496 2049 numeratis,
518 1973 551 2031 id
566 1983 611 2032 est
625 1971 740 2032 duobus
761 1982 792 2031 et
813 1972 951 2050 triginta,
973 1972 1096 2030 ultimas
1115 1972 1246 2030 Baltasar
1266 1971 1299 2029 in

210 2058 284 2139 Gyri
310 2059 453 2140 primum,
488 2066 540 2117 aut
561 2060 662 2138 polim
684 2057 864 2131 secundum,
891 2056 1033 2117 incidere.
1052 2056 1298 2135 deprehenditur:

209 2144 315 2206 melior
337 2163 409 2223 vero
432 2142 688 2221 Chrouolagoaum
710 2162 782 2223 pars
815 2141 991 2218 Baltasaris,
1021 2142 1071 2220 qui
1092 2142 1299 2218 Niriglesarus,

210 2230 294 2288 annis
316 2229 390 2286 alios
410 2228 547 2308 Astyagis
577 2227 788 2307 septemdecim
810 2237 879 2285 ants
901 2229 1031 2305 Cyrnon,
1058 2227 1144 2286 nullo
1165 2226 1300 2306 principe

208 2311 401 2392 interposito,
428 2313 624 2392 imperantem
648 2311 767 2372 adiicit:
795 2301 947 2371 Eusebius
971 2311 1077 2389 igitur,
1103 2311 1208 2370 iuncto
1228 2309 1299 2390 Cyri

208 2405 276 2479 post
296 2396 453 2476 Astyagem
474 2405 504 2454 et
522 2396 647 2456 subinde
670 2405 739 2474 post
757 2395 969 2474 Niriglesarum
991 2397 1133 2475 imperio,
1162 2394 1302 2475 Astyagis

209 2479 303 2564 ipsius
316 2501 463 2540 annorum
479 2486 527 2548 17.
540 2483 655 2541 nullam
670 2479 776 2540 babuit
786 2480 975 2556 memoriam,
998 2479 1091 2540 insert
1104 2480 1258 2558 Georgius.

292 2566 361 2642 l’ag.
382 2570 453 2633 227·
473 2559 542 2628 'adn'
558 2562 682 2645 ἐσχάτου
696 2563 780 2638 ἔτους
798 2565 962 2645 Sedenim]
984 2564 1010 2623 A
1034 2565 1172 2625 Sedeciae
1194 2565 1299 2623 ultimo

209 2669 271 2712 non
284 2659 390 2729 quarto
405 2658 493 2730 putat
504 2651 647 2710 Eusebius
668 2649 848 2731 captiuitatis
860 2670 955 2709 annos
973 2654 1025 2715 70.
1039 2649 1099 2709 hoo
1113 2657 1213 2729 pacto.
1256 2647 1302 2706 tt

208 2734 346 2815 Astyagis
368 2745 474 2794 octavo
493 2734 532 2793 ad
551 2737 603 2800 38.
618 2753 712 2794 anuos
731 2735 870 2811 triginta:
894 2744 958 2793 tum
980 2734 1118 2812 cyrillo.
1136 2742 1302 2810 sequuntur

210 2819 363 2900 cambysis
376 2827 464 2894 octo,
484 2816 636 2896 Magorum
650 2819 778 2877 [renum
794 2838 905 2892 assatus,
927 2826 957 2876 et
971 2817 1053 2877 Darii
1074 2817 1205 2897 primus:
1227 2836 1302 2895 quo-

210 2925 277 2964 rum
295 2923 409 2964 summa
422 2913 467 2962 est
479 2907 530 2969 70.
542 2917 545 2924 '
556 2902 624 2962 Non
637 2901 738 2981 itaque
753 2900 864 2961 loacim
880 2902 911 2967 4.
926 2901 979 2960 sed
1001 2925 1019 2960 a
1037 2901 1173 2961 Sedeciae
1193 2902 1302 2960 ultimo

210 2997 240 3048 et
254 2987 527 3050 Nabuchodonosor
543 2993 591 3054 19.
607 2987 801 3046 consummati
817 2985 927 3045 excidii
939 2995 1056 3064 tempus
1071 2986 1227 3048 exorditur
1242 2987 1303 3046 Eu·

211 3073 322 3149 sebius,
342 3083 372 3132 et
385 3071 521 3150 adlecta,
542 3092 605 3132 non
621 3072 757 3152 neglecto
775 3070 934 3133 Clementis
947 3071 1130 3132 authoritate
1145 3071 1301 3154 propriam

211 3156 383 3216 seutentiam
403 3156 511 3217 firmat.
1312 3216 1314 3219 ,

295 3243 422 3318 Προῖτον
434 3239 498 3312 ἔτος
511 3239 731 3319 αἰχμαλωσίας]
752 3238 833 3300 Haec
847 3239 991 3299 Eusebius
1010 3239 1141 3298 Graecus
1159 3238 1298 3317 Scaligeri

209 3344 277 3406 pag.
298 3323 348 3390 41.
391 3322 502 3383 Scribit
521 3319 581 3388 sind
600 3317 723 3406 πρώτης
742 3328 927 3404 κατασκευῆς
946 3321 1022 3386 ἔτεσι
1042 3317 1135 3409 ,θμβῖ
1155 3332 1298 3405 typorum

209 3409 295 3473 vitio.
426 3413 429 3419 ’

292 3488 361 3556 ’unt
379 3493 435 3571 τῆς
456 3483 565 3572 ὀγδόης
583 3492 635 3556 καὶ
652 3495 888 3574 τεσσαρακοστῆς
905 3486 1132 3574 Ὀλυμπιάδος]
1158 3491 1300 3554 Eusebius

209 3579 333 3641 hatirtus
349 3577 388 3637 ad
399 3575 546 3636 strabam
562 3598 673 3639 annum
691 3579 785 3645 1426.
801 3585 831 3638 et
841 3577 983 3637 sedecias
998 3577 1197 3638 undecimum.
1225 3581 1301 3639 Sen-

210 3668 320 3724 tentiae
333 3673 467 3737 nostrae‚
488 3661 610 3740 scribit,
631 3665 723 3723 etiam
746 3661 882 3726 Clemens
896 3665 1037 3744 congruit
1057 3666 1090 3722 in
1109 3669 1137 3728 1.
1158 3666 1300 3723 Stromot.

210 3751 260 3815 47.
284 3745 465 3828 Olympiade
482 3749 689 3826 captivitatem
708 3749 890 3808 Iudaeorum
902 3751 1029 3826 suetam
1047 3769 1109 3806 esse
1123 3759 1300 3807 contestans.

210 3831 251 3892 Ea
268 3842 391 3912 propter
405 3833 437 3892 in
451 3833 541 3892 verba
555 3853 627 3908 mox
640 3843 790 3893 secutura.
811 3837 904 3895 ταῦτα
917 3828 1067 3914 Εὐσέβιος
1078 3828 1230 3908 :inordina
1244 3842 1300 3892 etc.

209 3916 279 3976 Not.
300 3937 368 3995 pag.
389 3921 440 3984 80.
468 3916 600 3996 Scaliger
623 3917 776 3978 observat:
812 3920 930 3978 Mirum
954 3930 997 3977 cst
1019 3919 1100 3977 dunc
1126 3919 1301 3997 Georgium,

211 4003 266 4080 qui
286 4003 406 4059 nullum
424 4023 552 4062 errorem
569 4000 693 4064 Eusebii
708 4006 873 4084 praeterire
889 4003 980 4081 solet,
1005 4002 1056 4060 tie
1073 4001 1152 4060 duos
1169 4003 1304 4082 insignes

210 4106 272 4144 nun
294 4085 552 4150 assimadeeru'sse.
595 4092 701 4148 Primo
729 4091 808 4147 enim
829 4087 981 4147 Eusebius
1000 4089 1139 4168 loquitur
1161 4084 1198 4144 de
1214 4097 1302 4166 capto

211 4166 351 4240 Sedeciu,
375 4164 507 4231 Clemens
521 4171 558 4232 de
577 4173 726 4235 Ieclronic.
769 4172 888 4234 Deinde
904 4174 1056 4234 Eeesebius
1074 4173 1143 4250 ugit
1162 4169 1199 4230 de
1216 4175 1302 4230 tertio

210 4277 290 4315 uerno
310 4254 360 4320 47.
387 4255 601 4334 Olympiadas,
626 4261 764 4328 Clemens
781 4256 818 4316 de
832 4281 913 4317 aranu
931 4262 1033 4338 primo
1053 4253 1304 4336 quadragesimae

211 4351 343 4401 catervae.
385 4338 505 4398 Poterat
525 4345 637 4420 pariter
652 4343 773 4404 tortium
789 4343 940 4402 indicare:
961 4341 1120 4401 Eusebium
1132 4341 1272 4403 videlieet
1285 4365 1303 4402 a

210 4424 315 4508 templi
337 4421 460 4506 opificio
476 4444 570 4485 anuos
585 4427 657 4494 442.
678 4448 863 4504 numerasse,
886 4426 937 4487 ubi
956 4448 972 4485 a
998 4425 1119 4487 Doridis
1132 4427 1217 4488 obitu
1231 4429 1302 4495 452.
