3109 4959
245 417 322 496 340
621 423 969 497 EMENDATIONES

247 576 382 666 φοιλιον,
403 583 457 648 nai
467 576 736 693 ιιθιὶιοιιιοντιὶν
746 578 826 667 npo'c
837 577 973 668 λγοθγιιν
983 577 1141 647 θάλασσαν
1155 587 1339 688 masupia,

249 665 477 751 neonisio
479 693 497 731 ν
510 692 612 776 papan
633 661 844 777 ὀνομάσαντες
868 668 926 732 nn
941 660 1026 752 ii
989 690 1073 732 ουτοι
1088 668 1174 745 oi‘
1130 691 1192 731 ιιιιι
1203 662 1342 774 ’Λγιλβιιν

169 752 202 808 V
218 751 353 831 Ηθνις,
375 752 458 816 saia
440 748 644 832 ιςφιλιλς’
623 747 682 817 an'
694 747 796 815 ιιιλτιῖιι
809 756 953 827 notorias,
964 744 1024 815 nt
1037 774 1069 815 τι
1082 748 1140 852 τήν
1154 747 1265 834 «inuno
1279 745 1343 813 αι’-

246 840 319 916 τῶν,
337 835 390 900 nal
406 834 458 901 tissi
471 861 505 903 το
495 834 663 919 Ἀβράμου
675 831 801 918 οἷξλοιγιιι.
837 838 915 897 Filii
928 836 1050 896 Iamaeli
1063 839 1134 896 nati
1147 846 1217 895 aunt
1230 835 1344 894 duode-

246 924 316 981 cim.
345 924 394 982 ln·
409 920 559 1002 quioquid
569 933 721 982 terrorum
733 921 974 1020 estEuplnatem
988 929 1066 980 nster
1079 931 1106 979 et
1119 921 1245 982 rubrum
1258 942 1343 979 mare

245 1006 405 1080 habitant,
431 1008 611 1068 Nabataeos
623 1009 741 1086 regioni
760 1010 879 1066 nornine
896 1004 1007 1069 indito.
1048 1006 1127 1064 Sunt
1151 1016 1253 1064 autem
1269 1005 1305 1062 ln'
1321 1027 1343 1064 ιι

247 1091 362 1172 quibno
368 1091 489 1154 Arabae
498 1104 616 1171 gentem
626 1112 719 1150 suam
732 1094 855 1171 eiusque
870 1090 978 1153 Τιίλιιιι
991 1088 1267 1165 denominaverunt,
1276 1100 1344 1148 turn

244 1186 368 1320 titt
374 1173 1343 1340 ttttttttnttlttssttttttt'tttt‘ttttt

247 1343 451 1405 Enchellsnsis
468 1343 672 1403 discriminata
701 1343 769 1403 illos
784 1343 894 1403 lectani
905 1344 1004 1404 Heber
1019 1343 1076 1403 filii
1095 1352 1229 1424 posteros
1244 1343 1345 1422 capite

247 1427 400 1504 amando,
420 1427 475 1488 hos
488 1427 525 1486 ab
541 1427 663 1488 ismaele
677 1428 822 1504 originem
836 1429 945 1487 (lucere
960 1437 1063 1486 narrat
1079 1428 1176 1505 capite
1189 1428 1304 1506 primo,
1326 1448 1344 1485 ιι

248 1531 321 1590 quo,
332 1510 440 1589 inquit,
447 1530 550 1570 omnes
563 1510 672 1570 haabes
684 1520 874 1590 posteaquam
887 1513 951 1570 eius
961 1510 1076 1590 posteri
1087 1510 1215 1588 regionis
1231 1510 1345 1592 praecl-

248 1614 308 1675 pua
322 1604 407 1674 parte
420 1593 513 1673 potiti
527 1604 606 1667 sunt,
620 1593 783 1653 lnnaelitae
795 1594 954 1672 aliquanda
965 1593 1066 1652 vocati
1079 1595 1210 1658 suerunt.
1238 1595 1347 1654 lsmae-

248 1678 373 1738 litatum
386 1685 416 1736 et
428 1677 629 1756 Agarenorum
642 1676 788 1736 vocabulo
799 1677 914 1736 Turcas
926 1688 956 1736 et
965 1676 1179 1738 Mahnmeticae
1189 1678 1345 1756 religionis

248 1760 422 1844 prophanas
443 1771 603 1822 sectatores
627 1760 732 1822 Graeci
757 1772 952 1840 nuncupant,
981 1771 1012 1821 et
1030 1762 1198 1841 promiscae
1222 1762 1344 1838 Arabes,

250 1847 333 1926 quod
347 1846 452 1905 lsnmel
464 1845 596 1906 Arabum
611 1865 649 1905 cx
661 1855 747 1926 parte
759 1854 845 1926 petar
856 1847 995 1905 Arabiam
1012 1845 1157 1934 coluerit,
1180 1865 1218 1906 ex
1232 1867 1289 1926 qua
1301 1848 1345 1906 la-

249 1931 302 1992 bes
316 1939 347 1991 st
361 1949 440 1990 noxa
459 1928 512 1990 illa
533 1930 665 2028 prodiit,
681 1949 785 2028 ‘oquae
777 1929 946 1991 vicinarum
942 1922 1115 2027 regionnm
1130 1929 1244 1991 animos
1257 1931 1345 1991 iala-

250 2015 311 2092 cit,
333 2035 369 2074 ac
383 2015 576 2074 Romanum
564 2035 665 2096 ipsum
678 2013 839 2095 imperium
853 2015 887 2074 in
900 2015 1019 2076 ruinam
1034 2015 1104 2094 egit.

328 2132 564 2206 ’Ammonias‘
542 2138 665 2204 οιιοτοο
654 2139 830 2222 μακαρίου
845 2134 971 2203 Παύλου
982 2137 1267 2248 προφητιοθιῖσιιν]
1289 2138 1345 2198 Ηὶι

248 2221 347 2283 verbis
360 2225 400 2283 ad
413 2224 546 2287 Thessal.
563 2226 648 2306 epist.
660 2233 689 2292 2.
707 2244 772 2304 cap.
787 2231 815 2291 2.
840 2226 912 2284 Nisi
926 2229 1038 2285 venerit
1054 2220 1233 2283 discensio'
1213 2242 1346 2287 ιιιιοσιιι-

249 2309 302 2370 ολοι
313 2311 466 2387 primum,
488 2321 516 2368 at
540 2312 691 2369 revelatus
704 2310 805 2386 suerit
822 2308 911 2367 Ιιοιιιο
924 2312 1065 2390 peccati,
1088 2311 1184 2388 filins
1197 2307 1347 2388 perditio.

250 2395 316 2468 nie,
346 2396 400 2473 qni
422 2393 623 2471 adversatur,
652 2405 680 2452 et
703 2394 857 2452 extollitur·
879 2413 977 2472 supra
1008 2415 1094 2453 omne
1117 2391 1202 2473 qnod
1228 2392 1346 2450 dicitnr

251 2479 356 2536 Densa
348 2497 452 2556 ·qnso
464 2479 501 2538 de
510 2478 695 2539 Antichristo
708 2486 737 2536 et
747 2476 915 2539 Mahomete
927 2478 1029 2557 (unius
1043 2479 1155 2558 quippe
1166 2476 1275 2537 Christi
1289 2476 1346 2536 ho-

250 2562 306 2621 stis
320 2570 483 2642 utrumque
496 2583 606 2625 nomen
627 2560 685 2648 est)
709 2562 924 2644 Expositorum
944 2583 1014 2645 pars
1035 2582 1099 2623 non
1119 2562 1222 2622 intima
1242 2570 1367 2622 censet-

249 2643 450 2724 intelligenda.

331 2765 384 2872 Ἐγ
395 2775 530 2858 τῷδε
484 2797 525 2858 sp
542 2772 695 2875 poetam]
716 2767 1073 2879 Τιλνιιραγθέγιοινιτιιτιλ
1085 2767 1261 2846 scriptitent
1275 2765 1346 2875 γρό-

249 2877 323 2930 coac
333 2835 475 2937 σύνοψιν,
491 2834 659 2935 συνάφιιιλιι
671 2879 713 2934 τι,
725 2855 823 2920 noi
789 2883 846 2939 την
858 2880 913 2920 κατ
918 2850 1069 2936 ’clutton
1082 2849 1265 2954 πραγμάτων
1274 2879 1346 2919 oao-

250 2942 382 3003 λοιιθλαν
394 2962 490 3020 nuper
503 2950 691 3000 incrassatam
699 2962 799 3021 ,opus
815 2941 956 3002 videlicet
970 2940 1025 3000 sibi
1039 2941 1245 3020 propositum,
1267 2960 1345 3000 con-

250 3024 376 3084 tractius
385 3035 473 3084 vocat
486 3023 537 3082 hic
546 3021 699 3122 χρογιιτόνι
690 3026 795 3104 .quod
809 3025 956 3116 praefixi
951 3025 1034 3084 tituli
1043 3025 1144 3104 opifex
1155 3023 1344 3106 (ahAuthore

248 3109 357 3207 utique
380 3109 532 3184 diversus,
558 3109 610 3188 qui
633 3107 799 3169 Authorem
818 3112 904 3191 prius
923 3104 1079 3185 extitisse,
1100 3109 1179 3187 quod
1198 3129 1285 3168 nemo
1305 3109 1344 3168 de

251 3213 284 3251 se
302 3193 384 3274 ipso,
414 3193 544 3253 celebrat
557 3193 605 3253 his
625 3193 724 3255 verbis
738 3195 908 3277 Συγιιέλλιιο
927 3187 1097 3277 γεγονότος)
1118 3192 1344 3271 significantiori

251 3297 327 3336 voco
340 3278 419 3337 dixit
433 3279 663 3359 χρονογραφλιιν.
686 3281 907 3361 χρονογραφίαις
919 3299 1021 3338 sensus
1032 3278 1108 3338 alter
1120 3287 1181 3352 est,
1203 3288 1233 3337 et
1245 3287 1281 3336 ut
1294 3279 1343 3337 vi-

253 3361 341 3421 detur
355 3383 481 3423 concors
502 3364 581 3442 apud
598 3364 754 3444 oppositos
771 3365 807 3423 de
825 3363 965 3424 Doctrina
985 3362 1164 3442 Temporum
1182 3362 1344 3442 scriptores

251 3446 438 3524 Scaligernm
447 3455 477 3506 et
490 3447 658 3506 Petavium:
681 3466 808 3525 quornm
822 3449 873 3508 illo
888 3449 985 3528 primo
997 3448 1097 3506 statim
1109 3446 1344 3507 Eusebianarum

251 3530 542 3591 animadversionum
561 3531 647 3590 initio
665 3530 938 3613 chronographiam
953 3531 1090 3611 exponit,
1112 3533 1203 3589 cuins
1216 3533 1344 3590 materia

251 3626 382 3694 tempus,
403 3614 453 3672 hic
474 3616 609 3694 priorum
625 3618 663 3675 1⁹1
665 3618 790 3694 olebom
813 3637 878 3698 cap
898 3621 928 3680 3
950 3616 1182 3696 Cosnpntisticoe
1197 3615 1342 3676 vocabulo

250 3719 339 3774 nsua,
369 3719 451 3775 eam,
479 3700 586 3757 Artem
610 3700 727 3779 quami(
728 3723 787 3773 ι,ιιι
815 3704 878 3760 sive
901 3699 1083 3776 sanititatem
1106 3697 1344 3758 ordinandorum

250 3781 336 3840 nd
307 3784 425 3841 casalem
440 3804 531 3842 ιιιιιιιι
545 3795 709 3862 tempotum
724 3744 835 3844 delinit.
877 3783 916 3844 At
929 3805 1026 3863 nequo
1039 3783 1194 3864 syncello,
1217 3784 1267 3842 nbi
1279 3786 1344 3865 ple-

250 3867 352 3946 risque
374 3867 450 3926 locis
469 3865 611 3950 χρονικιλν
633 3890 721 3927 ιιιιιιιι
743 3865 897 3966 ιιλιιαγμιι
912 3867 1184 3951 Chronographiam
1204 3867 1343 3949 appellat,

252 3971 349 4030 neque
370 3950 444 4012 mihi
463 3963 586 4032 accepta
601 3963 646 4012 eat
663 3952 714 4012 hic
734 3974 767 4012 ea
788 3955 872 4013 vocis
886 3954 986 4029 notio,
1008 3974 1083 4033 quae
1103 3974 1165 4013 non
1180 3954 1344 4014 solitariam

250 4046 511 4114 rerumgestarum
524 4037 676 4110 notitiam,
698 4039 780 4116 quod
798 4037 957 4115 exequitur
971 3997 1117 4112 llistoria3
1139 4057 1201 4097 non
1214 4039 1342 4098 ieiunam

250 4129 349 4180 motus
363 4141 530 4180 mensuram
545 4129 702 4200 partesque
718 4143 872 4182 mensurae
888 4123 1048 4182 cuiuslibet
1063 4122 1101 4182 sd
1123 4122 1240 4182 civilem
1255 4140 1342 4181 usum

251 4205 490 4266 accommodatae
501 4205 738 4282 intelligentium,
758 4208 841 4284 qaod
854 4207 1086 4286 computisticas
1098 4225 1215 4277 munus,
1238 4205 1343 4285 exqui-

250 4289 307 4348 rit:
335 4289 471 4349 sedtum
491 4311 528 4349 ex
547 4289 695 4350 ilistoriaa
718 4291 842 4370 peritia,
869 4302 934 4350 tum
961 4313 997 4350 ex
1018 4293 1107 4352 certis
1127 4290 1342 4366 intelligentiae

252 4380 419 4453 temporum
441 4375 552 4453 regulis
571 4394 621 4436 res
642 4374 752 4448 ordine
768 4386 866 4455 gestas
884 4376 1018 4458 propriis
1036 4376 1179 4456 temporis
1199 4374 1342 4455 cuiusque
