3109 4959
247 408 298 483 58
722 417 859 488 cosm

249 574 366 638 Christi
378 576 410 633 in
426 592 546 653 corpore
558 592 617 632 ruo
631 585 781 654 portans,
803 588 868 635 tam
874 575 1017 657 proficisi
1030 581 1218 655 constantia,
1239 598 1331 657 ᾳιιωη
1391 570 1394 574 ’

241 682 302 742 pro
321 660 490 720 multarum
507 660 654 719 virtutum
675 663 865 741 insignibus,
886 675 1008 723 canetae
1030 666 1188 722 memoriae
1209 666 1331 723 Potasti

247 746 362 824 Regiae
387 743 472 802 urhis
497 745 658 803 Praesulis
677 748 831 825 hyrrcellue
850 746 972 826 effictus
993 759 1047 809 est.
1093 747 1154 809 Sed
1175 770 1212 807 ne
1232 750 1331 806 multa

240 849 427 911 prosequar,
449 848 487 885 su
513 830 744 907 coercerbitrur,
762 831 1010 911 erdprueconium
1024 836 1104 907 eiras,
1126 831 1212 912 quod
1223 853 1245 889 a
1259 830 1332 892 Sede

245 914 432 993 approbatus
453 916 496 972 sit
523 914 722 994 Apostolice:
751 915 874 997 quando
898 922 1012 978 scilieet
1039 918 1157 977 Weorii
1177 921 1244 975 eius
1267 938 1331 976 una

245 1018 316 1057 eum
338 1000 476 1058 trecentis
495 1003 724 1080 quinquaginta
744 1002 893 1060 Putridae
917 1006 952 1061 in
973 1006 1090 1063 Maesa
1111 1002 1183 1061 rcrde
1201 1000 1331 1059 secundo

242 1086 443 1144 convenientes
454 1086 654 1144 universalem
667 1084 823 1165 Synodrrrn
832 1087 1037 1149 celebrae-unt.-
1057 1087 1207 1168 siquidem
1219 1087 1247 1145 e't
1259 1087 1332 1145 laiss·

243 1171 310 1228 eius
328 1172 361 1228 in
375 1166 475 1227 eodem
487 1173 612 1248 septimo
630 1181 657 1230 et
672 1183 777 1232 casneto
796 1174 922 1232 coneilio
937 1176 1095 1251 reperitur.
1137 1173 1218 1247 Quot
1236 1191 1331 1231 annos
1377 1250 1380 1253 ἢ

96 1311 98 1318 s
196 1252 198 1257 ’
242 1253 465 1335 posthabitam
484 1256 637 1334 synodum
662 1257 864 1337 superaverit,
890 1257 1120 1336 incompertum.
1162 1258 1249 1315 Certe
1269 1275 1332 1314 nou

242 1337 303 1399 nisi
317 1339 468 1399 Tarasioe
488 1339 568 1401 vivis
583 1340 715 1417 suhlsto,
738 1342 802 1402 eiua
822 1342 962 1402 nimirum
983 1342 1090 1401 mortis
1117 1350 1148 1401 et
1169 1339 1331 1420 Nicephori

242 1423 420 1483 successoris
436 1444 514 1483 antro
531 1424 634 1502 tertio,
656 1427 707 1505 qui
722 1427 860 1507 syncello
874 1425 916 1507 ¹³)
935 1426 994 1507 ipsi
1008 1428 1045 1485 ab
1059 1426 1130 1485 orhe
1145 1424 1267 1484 condito
1287 1445 1331 1483 re·

242 1508 306 1568 xies
319 1507 490 1568 millesimus
508 1517 538 1569 et
550 1519 597 1569 ter
611 1511 805 1589 centesimus,
826 1533 843 1571 a
858 1510 967 1572 Christi
986 1510 1128 1570 natalitiis
1144 1510 1330 1586 octingente-

240 1592 347 1670 simus,
368 1600 454 1653 etex
473 1592 594 1653 certiori
616 1596 733 1656 calculo
754 1603 817 1663 792
831 1606 1018 1673 numeratur,
1038 1594 1194 1675 scriptioni
1210 1613 1329 1656 manum

241 1676 422 1753 admovisse,
444 1678 506 1758 ipse
525 1679 609 1752 testis
630 1690 674 1741 cst
695 1681 886 1743 certissimus.
927 1681 1018 1755 Quod
1033 1690 1130 1740 autern
1150 1678 1330 1759 scriptionis,

243 1782 332 1843 quarn
349 1762 382 1824 id
399 1762 542 1843 temporis
563 1766 720 1841 exarabat,
741 1767 916 1843 terminum,
938 1765 1069 1826 eiusdem
1086 1764 1197 1843 scripta
1215 1781 1329 1821 nreruo-

240 1858 310 1907 rent
321 1848 356 1906 ab
371 1846 452 1907 orbis
467 1848 594 1907 conditu
606 1851 690 1917 6352
711 1859 741 1909 et
754 1850 938 1912 Christianae
948 1851 1050 1912 salutis
1060 1853 1122 1917 852
1135 1846 1194 1929 ¹⁴),
1214 1846 1330 1907 librarii

241 1950 372 1993 errorem
391 1931 474 1992 haud
494 1932 627 2013 syncelli
650 1942 774 1995 aetatem
795 1948 941 2015 arguunt,
963 1936 1016 2015 qui
1040 1935 1137 1996 virilis
1155 1934 1256 1992 saltern
1278 1950 1329 1990 ae·

240 2018 309 2074 tatis
326 2027 356 2076 et
373 2016 530 2095 Presbyter
544 2028 749 2097 consecratus,
771 2019 923 2081 exhaustis
942 2041 1003 2080 non
1025 2020 1109 2081 brevi
1125 2029 1260 2097 temporo
1273 2037 1330 2096 pro

240 2100 299 2159 fide
311 2101 421 2160 tuenda
434 2101 584 2163 laboribus
601 2102 657 2181 ¹⁶),
681 2105 810 2166 coneilio
823 2107 952 2166 Nicaeno
969 2103 1128 2185 posteriori
1142 2103 1240 2161 adsuit
1251 2121 1330 2159 arrrro

239 2188 340 2258 6279,
360 2206 377 2242 a
397 2205 457 2263 quo
480 2186 587 2245 deinde
615 2191 817 2267 praeterlapso
843 2191 881 2249 ad
908 2195 1009 2265 6300,
1033 2209 1092 2268 quo
1113 2207 1143 2247 re
1164 2184 1329 2245 scribendis

239 2266 397 2328 Glrrouicis
416 2267 549 2344 addixit,
570 2290 717 2329 annorum
737 2274 843 2349 viginti
862 2282 891 2331 et
912 2272 1001 2332 unius
1016 2272 1127 2351 spatio,
1148 2278 1218 2347 post
1235 2288 1329 2325 annos

240 2347 318 2411 duos
332 2362 362 2414 et
383 2353 612 2431 quinquaginta,
634 2355 693 2413 nisi
708 2357 899 2415 centesimum
921 2357 1009 2433 longe
1024 2363 1243 2433 praeteruectus
1259 2372 1329 2412 ·rno·

238 2436 322 2498 dium
335 2438 420 2498 illum
431 2437 578 2497 Historiae
592 2448 710 2497 textum
725 2442 870 2519 attingere
882 2461 943 2499 non
954 2440 1070 2519 potuit:
1092 2457 1218 2517 eumque
1228 2435 1329 2495 Theo·

238 2522 351 2605 phanes
364 2522 484 2603 insuper
497 2521 578 2583 vitae
590 2533 737 2605 superstes
751 2536 781 2585 et
795 2525 893 2606 operis
904 2524 1034 2604 suscepti
1049 2522 1241 2583 continuator
1252 2523 1328 2581 Leo-

238 2608 286 2667 nis
300 2607 433 2670 Armenii
452 2615 627 2689 tempestate
645 2608 756 2669 Christi
773 2615 845 2678 818.
865 2608 909 2693 (et
927 2630 966 2671 ex
985 2608 1174 2689 Theophanis
1188 2607 1283 2688 ipsius
1299 2615 1330 2666 et

239 2692 360 2771 Georgii
380 2692 512 2772 Syncelli
532 2703 673 2773 computo
691 2695 776 2775 826.)
798 2695 912 2757 evivis
935 2695 1115 2773 excesserit,
1136 2712 1194 2773 qua
1214 2692 1329 2753 ratione

239 2778 383 2857 Georgius
407 2787 504 2838 morto
517 2789 692 2859 praereptus
714 2780 753 2839 ad
772 2782 836 2847 852
858 2782 1001 2857 avolarit,
1022 2781 1169 2840 incertum
1196 2777 1327 2837 omrrino.

238 2861 437 2921 Excedentem
456 2882 603 2923 annorum
616 2865 832 2943 quinquaginta
851 2887 994 2926 summam
1009 2860 1079 2947 ,gni
1090 2863 1138 2924 vel
1153 2856 1236 2944 ,creti
1251 2860 1327 2932 vioe,

238 2944 393 3006 librarium
408 2939 497 3027 ,groti
510 2948 710 3023 substituisse,
731 2951 849 3017 nullus,
868 2960 991 3023 utreor,
1007 2950 1122 3025 sapiens
1135 2942 1327 3002 inficiabitur.

323 3029 442 3108 Georgii
455 3029 597 3109 Syncelli,
618 3032 698 3109 quod
711 3032 848 3109 reliquit,
869 3052 945 3111 opus
959 3041 1012 3106 est,
1034 3050 1122 3108 quam
1136 3028 1258 3108 publico
1270 3028 1327 3085 da-

237 3134 320 3193 mus,
342 3113 595 3195 Chronographia.
639 3116 680 3175 Ea
696 3114 841 3175 duntaxat
859 3116 955 3175 oculis
976 3113 1125 3193 exposita,
1146 3114 1230 3172 velut
1245 3111 1327 3190 ignea

237 3200 377 3261 nocturni
392 3220 446 3280 per
464 3205 561 3273 aiirenr
575 3199 749 3278 volitantes,
771 3210 801 3259 et
820 3200 985 3261 errabunda
999 3200 1096 3259 sidera
1113 3197 1190 3258 visui
1210 3218 1265 3277 por
1279 3206 1327 3255 te·

238 3286 344 3345 nebras
358 3284 512 3346 illudentis
527 3285 596 3346 solis
613 3286 744 3345 adventu
757 3285 984 3364 extinguuntur,
998 3285 1121 3364 itaquae
1135 3305 1151 3341 a
1165 3283 1256 3341 variis
1272 3301 1328 3340 au·

240 3368 372 3428 ctoribus
394 3370 474 3431 eirca
489 3371 607 3447 Georgii
624 3372 770 3451 syncelli,
791 3370 997 3451 Theophanis,
1018 3368 1138 3449 Georgii
1152 3366 1328 3442 flamartoli,

239 3453 426 3533 aliorumque
444 3455 556 3535 scripta
569 3455 816 3517 hallucinationes
830 3466 940 3518 temere
955 3457 1093 3517 subortae
1109 3462 1197 3530 sunt,
1219 3450 1327 3531 operis,

238 3537 379 3617 inquam,
400 3538 486 3599 istius
498 3539 546 3601 vel
565 3542 658 3601 unico
674 3542 787 3602 intuitu
798 3542 831 3601 in
845 3542 970 3604 venturu
987 3551 1016 3602 et
1030 3542 1127 3601 samos
1141 3542 1325 3599 everrescent.

239 3622 369 3681 Grurctas
386 3619 514 3683 Allatius
530 3624 685 3705 diligenter
700 3628 913 3708 pertractavit:
938 3648 994 3687 nec
1014 3623 1220 3706 repetendum,
1244 3618 1323 3697 quod

239 3728 257 3767 a
272 3705 434 3787 praestanti
446 3721 696 3791 praeoccupatum
711 3712 839 3789 iudicio,
860 3714 912 3773 sed
927 3712 1008 3791 quod
1021 3707 1161 3771 discussit
1177 3723 1326 3763 commen-

238 3792 371 3852 dandum
397 3790 564 3867 studiosus,
594 3807 624 3853 et
651 3798 733 3875 quod
766 3798 889 3877 scripsit
920 3796 1072 3879 operosius
1104 3790 1326 3874 perlegendum.

239 3878 340 3937 Unum
353 3874 430 3950 dico,
452 3876 570 3953 Georgii
583 3882 713 3957 Syncelli
727 3902 804 3961 opus
815 3893 860 3941 est
870 3883 961 3958 istud,
975 3900 1031 3939 nec
1041 3875 1215 3951 Hamartoli,
1231 3874 1327 3934 'Theo-

238 3961 364 4043 phanis,
383 3962 433 4022 vel
447 3959 565 4037 Georgii
579 3964 668 4021 etism
680 3966 803 4024 alterius
815 3968 946 4045 syncelli
960 3966 1071 4043 scripta
1084 3983 1152 4021 cunr
1166 3960 1253 4020 istius
1263 3980 1327 4019 mo-

238 4057 382 4106 numento
403 4046 564 4127 praecipuo
585 4056 695 4107 temore
719 4051 938 4111 confundenda.
990 4048 1102 4108 Habeat
1123 4046 1326 4121 Hamartolaa,

173 4212 175 4218 s
237 4130 430 4213 Theophanes
451 4129 507 4213 l⁶),
535 4139 564 4191 ct
589 4134 735 4212 Georgius
754 4134 841 4195 etiarn
864 4135 1020 4214 syncellus
1044 4132 1120 4194 alter
1140 4131 1325 4215 (marrilestas

273 4328 319 4397 13)
333 4328 426 4399 Paga
445 4338 472 4386 et
485 4335 511 4386 6.
567 4329 614 4405 14)
627 4332 764 4404 Peg-207.
778 4332 809 4389 u.
862 4331 1152 4404 tomeriensis.
1207 4332 1254 4402 16)
1268 4329 1325 4385 Lib.

302 4400 328 4453 2.
341 4401 416 4471 epist.
431 4402 535 4457 Cthl.
