3109 4959
610 400 908 473 ulssFuTATIO.
1258 393 1308 471 2⁵

308 564 415 626 Audax
440 563 565 626 sortasse
589 558 726 644 inprimis
747 561 779 621 in
800 561 898 623 verbis
918 559 1070 622 eiicieudis
1089 560 1229 623 videbere
1249 562 1309 627 iam

225 669 296 711 vero
320 660 407 709 antea
424 650 526 710 locum
547 646 678 709 vidimus
696 654 726 705 et
743 646 832 725 plura
848 657 1029 723 occurrunt,
1051 647 1084 707 in
1102 647 1209 726 quibus
1225 648 1308 727 signa

224 752 432 810 numerorum,
452 733 578 793 maxime
594 731 842 813 depravatorum,
865 753 881 790 a
895 732 1056 791 lectoribus
1069 732 1259 811 diligentibus
1273 735 1307 791 in

223 819 354 897 margine
368 818 467 879 verbis
481 818 628 899 explicata
642 826 671 875 et
685 825 828 891 correcta,
849 836 884 875 ac
896 836 1000 875 causae
1014 836 1130 896 quoque
1142 816 1308 896 corrigendi

222 903 389 984 adscriptae
406 912 492 963 sunt:
510 912 599 982 atque
613 921 630 961 e
642 899 774 978 margine
781 900 921 960 librarius
933 901 966 960 in
979 902 1077 981 ipsum
1092 910 1208 961 textum
1215 901 1308 963 rerba

223 988 320 1046 aliena
331 987 524 1067 transposuit,
538 985 715 1065 caeterisque
738 986 934 1047 commiscuit.
976 986 1019 1044 De
1032 984 1143 1045 Inacho
1155 986 1225 1047 ride
1240 1005 1307 1069 pag.

224 1074 294 1139 125.
311 1074 346 1134 B.
370 1074 501 1149 Regnum
513 1071 692 1151 Argivorum
705 1070 841 1131 condidit
856 1070 892 1131 A.
906 1070 946 1135 hi.
964 1072 1058 1139 3692
1080 1071 1178 1133 Facile
1190 1066 1217 1136 ν’
1232 1080 1263 1133 et
1274 1067 1305 1146 μ’
1414 1163 1417 1168 .

224 1165 455 1218 commutantur.

304 1239 414 1301 Eadem
437 1241 553 1301 ratione
573 1239 690 1319 corrigo
711 1258 778 1323 pag.
803 1244 845 1307 69
870 1240 909 1300 B:
939 1240 1053 1317 „Moses
1074 1248 1161 1300 natus
1184 1250 1229 1300 est
1250 1239 1307 1300 snb

221 1321 322 1383 Amasi
335 1325 463 1385 nominis
476 1327 562 1385 istius
577 1326 694 1405 primo,
715 1326 765 1385 rel
777 1324 863 1385 annis
873 1335 1000 1404 quatuor
1016 1336 1084 1385 onte
1098 1324 1161 1384 eius
1174 1344 1309 1402 regnum,

220 1404 295 1469 nursi
313 1404 347 1473 τὸ
363 1405 457 1493 yut(
476 1410 541 1486 ἔτος
559 1414 613 1473 τοῦ
631 1403 755 1491 κόσμου.
798 1410 859 1468 Sub
872 1411 972 1469 Amosi
985 1431 1057 1470 vero
1070 1408 1200 1469 secundo
1212 1410 1309 1467 Moses

219 1512 258 1549 cx
270 1492 404 1573 Aegypto
425 1514 557 1571 egressus
572 1502 630 1566 est,
650 1498 693 1579 aqi
708 1489 798 1578 yon(
813 1494 1070 1575 &severissimam
1091 1488 1121 1557 ss'
1137 1490 1170 1557 di
1183 1486 1309 1556 edzotss'

220 1576 310 1649 Quod
322 1578 414 1655 addit,
427 1580 529 1639 Mosen
543 1600 579 1639 ex
592 1578 650 1639 alia
662 1579 883 1659 computatione
897 1590 1026 1659 quatuor
1034 1600 1126 1638 annos
1140 1588 1208 1637 ante
1219 1575 1309 1649 Amo-

218 1661 267 1719 sin
279 1673 450 1742 regnantem
468 1674 573 1724 natum
587 1684 659 1747 qaae,
675 1684 692 1721 a
708 1664 829 1725 caeteris
844 1685 906 1723 non
921 1665 1075 1725 dissentitc
1097 1664 1148 1722 elii
1158 1663 1235 1723 enim
1250 1682 1309 1743 po·

218 1754 310 1822 nunt,
332 1744 382 1809 niv
399 1748 509 1826 Aestii,
530 1757 644 1827 patrem
663 1748 796 1824 Amosis,
817 1748 925 1825 viginti
946 1760 975 1805 et
993 1758 1121 1825 quatuor
1141 1768 1234 1805 annos
1255 1766 1307 1805 re-

219 1848 323 1905 gnasse
342 1831 378 1889 ab
401 1832 435 1895 A.
458 1833 497 1897 M.
522 1836 606 1898 3716
621 1865 658 1877 -
676 1834 787 1909 87403.
800 1841 830 1892 et
851 1831 1013 1891 secundum
1032 1829 1138 1890 horum
1160 1831 1306 1888 rationem

216 1912 312 1973 Moses
328 1925 417 1974 natus
431 1925 507 1977 esset
520 1925 581 1976 tres
599 1936 693 1975 anuos
708 1917 839 1995 integros
852 1926 913 1993 aut,
926 1915 1007 1995 quod
1018 1914 1098 1974 idem
1113 1912 1203 1990 valet,
1226 1934 1304 1973 suno

217 2008 324 2075 quarto
350 2009 417 2059 ante
436 2020 559 2079 regnum
580 2001 707 2061 Amasis.
749 2003 788 2061 Et
807 2021 902 2059 annus
926 2002 964 2061 de
988 2019 1066 2080 quo,
1096 2007 1125 2059 et
1147 2017 1242 2058 anum
1264 1997 1304 2058 sd

216 2101 304 2162 quom
318 2086 470 2159 raserunt,
491 2092 690 2162 computatur.

298 2168 353 2225 His
365 2166 584 2243 quodammodo
596 2166 744 2248 expeditis
761 2186 912 2227 moremur
925 2167 1078 2248 paululum
1088 2166 1120 2225 in
1133 2166 1219 2226 annis
1230 2166 1303 2243 430,

215 2268 292 2327 quos
316 2250 460 2309 israelitas
482 2251 514 2309 in
530 2250 664 2331 Aegypto
677 2250 826 2311 habitasse
841 2262 995 2329 narratur,
1019 2252 1232 2334 quibusquejn
1248 2272 1305 2311 ex-

214 2332 363 2412 plicandis
379 2336 522 2415 Georgius
539 2356 605 2415 pag.
618 2342 678 2402 117
691 2340 789 2401 et118
803 2336 884 2395 haud
898 2358 1002 2417 parum
1017 2337 1141 2396 laborat.
1168 2338 1204 2395 ln
1220 2336 1304 2395 Exo-

140 2454 142 2457 -
214 2418 253 2476 do
268 2438 332 2499 cap.
343 2426 390 2485 12.
411 2440 488 2481 vers.
506 2421 557 2486 40.
569 2422 601 2479 in
616 2420 768 2479 codicibus
780 2420 937 2498 hebraicis,
953 2421 1129 2501 quibuscum
1143 2422 1240 2480 versio
1248 2423 1304 2500 Sy.

213 2502 302 2580 cioca,
319 2504 446 2563 Arabica
462 2516 491 2565 et
505 2504 609 2563 Latina
625 2505 823 2580 consentiunt,
843 2507 968 2586 legitur:
990 2505 1210 2583 „Habitationis
1226 2516 1304 2565 tem-

212 2602 281 2668 pus,
300 2610 359 2666 quo
371 2589 580 2649 habitaverunt
594 2590 649 2650 filii
662 2590 777 2650 Israelis
792 2591 824 2648 in
837 2593 982 2671 Aegypto,
1006 2593 1128 2650 suerunt
1140 2591 1211 2648 anni
1227 2612 1304 2669 qna·

212 2670 367 2752 dringents'
388 2686 415 2733 ct
434 2677 594 2753 trigintn.'’
636 2674 675 2735 At
697 2676 822 2734 lectores
842 2676 997 2754 diligentes
1012 2685 1041 2732 et
1055 2674 1195 2753 inprimis
1206 2675 1303 2733 inter·

210 2766 377 2837 pretatores
415 2759 502 2818 sacila
542 2768 765 2837 cognoverunt,
800 2780 894 2819 annos
920 2760 983 2825 430
1010 2778 1073 2816 non
1103 2778 1165 2818 esse
1196 2777 1302 2818 verum

212 2861 372 2901 numerum
395 2844 536 2923 temporis
551 2845 750 2904 israelitarum
765 2843 957 2904 habitationis
971 2844 1004 2901 in
1018 2842 1163 2924 Aegypto.
1204 2842 1304 2902 Addi-

212 2925 323 2985 derunt
334 2926 427 3004 igitur
440 2929 488 2987 alii
506 2929 558 3003 „in
572 2930 707 3008 Aegypto
720 2929 796 2999 etin
810 2928 1006 2988 canaan’'-
1019 2926 1087 2987 alii:
1110 2926 1196 3007 „ipsi
1208 2937 1237 2987 et
1251 2948 1304 3006 pa·

212 3017 272 3069 tres
289 3010 421 3071 eorum.'’
465 3014 562 3091 Atque
576 3014 618 3072 ita
634 3016 666 3073 in
682 3013 818 3072 versione
830 3035 934 3093 graeca
947 3017 1010 3075 asie
1025 3008 1050 3076 o'
1066 3013 1180 3095 legitur
1191 3010 1222 3069 in
1237 3011 1302 3072 aliis

211 3094 382 3154 codicibuss
403 3094 445 3158 ‘H
461 3095 494 3159 di
515 3101 684 3176 κατοίκησις
697 3103 757 3159 τῶν
770 3099 849 3160 υἱοῖν
868 3093 999 3181 Ἰσραὴλ,
1020 3093 1061 3177 ἣν
1077 3092 1255 3174 aurdanaus
1267 3096 1302 3157 ts

210 3182 253 3262 γῇ
268 3174 410 3261 Αἰγύπτῳ
426 3180 492 3242 καὶ
507 3181 547 3244 ἐν
561 3187 608 3265 γῇ
624 3178 801 3256 Xenonis,
822 3182 871 3262 ἔτη
884 3177 1054 3263 τετρακόσια
1071 3159 1248 3263 speciensem
1270 3189 1301 3241 ct

209 3263 242 3321 in
266 3262 332 3321 aliis
354 3274 424 3342 post
439 3261 566 3326 Xnvuoiv
589 3266 710 3324 additur
729 3276 808 3325 certe
824 3288 885 3326 nou
899 3277 969 3347 apto
984 3268 1069 3324 loco:
1091 3264 1152 3326 καὶ
1175 3264 1212 3326 οἱ
1232 3287 1301 3326 πυ-

208 3345 317 3428 τὲρες
336 3342 482 3410 acircio·
503 3368 560 3409 nec
583 3370 645 3409 uon
665 3360 766 3410 textus
785 3352 984 3412 Samaritanus
998 3348 1100 3408 eadem
1118 3348 1191 3408 haee
1210 3349 1300 3411 v'crha

208 3431 331 3506 inserit,
359 3442 395 3490 ut
414 3432 528 3493 scilicet
552 3436 629 3494 ratio
649 3436 705 3495 sibi
726 3446 851 3497 constet.
909 3436 997 3494 Hunc
1015 3442 1132 3493 textum
1156 3444 1300 3514 tanquam

208 3515 392 3596 explicatum
408 3519 544 3598 sequitur
559 3519 714 3596 Georgius,
737 3520 913 3599 incipitque,
934 3528 968 3578 ut
985 3538 1077 3577 annos
1092 3521 1156 3584 430
1168 3520 1298 3597 colligat,

208 3602 246 3659 ab
266 3620 361 3673 anno,
384 3622 444 3681 quo
468 3604 616 3663 Abraham
638 3604 812 3683 Euphraten
833 3612 1034 3681 transgressus
1056 3605 1089 3663 in
1102 3606 1219 3663 Canaan
1238 3606 1299 3663 im-

206 3684 357 3762 migrarit.
399 3686 462 3764 Ego
482 3698 598 3765 autem,
619 3688 725 3747 rivulis
741 3689 901 3766 negdectis,
922 3691 1035 3750 sontem
1051 3710 1170 3768 sequor3
1190 3707 1299 3748 nume-

207 3787 334 3909 rupaque
345 3770 443 3850 iham,
465 3792 523 3852 qua
540 3772 659 3835 ratione
675 3772 835 3836 intextum
851 3775 1038 3855 surrepserit,
1059 3774 1194 3856 expediri
1210 3792 1300 3853 posse

207 3870 241 3910 sc
261 3852 344 3916 itror.

291 3937 326 3994 ln
341 3958 406 4019 cap.
422 3936 471 4004 15.
484 3939 630 4001 Geneseos
641 3962 719 4002 vers.
730 3945 778 4009 13.
791 3941 944 4003 oraculum
957 3941 1034 4005 illud
1044 3944 1197 4022 vulgatum
1206 3939 1299 4001 Abra·

206 4017 263 4077 hae
290 4019 392 4081 datur:
414 4024 535 4099 „Scito,
557 4026 640 4104 quod
666 4029 854 4108 peregrinum
874 4029 1012 4088 futurum
1031 4029 1070 4088 sit
1088 4046 1187 4087 semen
1211 4034 1298 4086 tuum

207 4103 240 4161 in
254 4110 333 4162 terra
348 4126 409 4165 non
425 4128 495 4183 sua;
517 4120 547 4170 et
560 4110 593 4170 in
609 4114 785 4172 servitutem
797 4134 846 4172 eos
860 4113 1004 4191 redigent,
1025 4123 1056 4173 et
1071 4112 1202 4189 sssligent
1219 4132 1297 4190 qua·

205 4184 384 4267 dringentos
399 4211 502 4252 annos.
545 4195 629 4254 Vors.
646 4202 700 4263 16:
725 4199 848 4275 Quarta
860 4219 929 4256 vero
941 4200 1134 4279 generatione
1147 4205 1298 4256 revomen-

204 4282 257 4331 tur
285 4272 364 4344 hun
401 4274 447 4333 lta
468 4279 549 4337 etin
569 4279 652 4341 Actis
664 4280 877 4360 Apostolorum
896 4289 936 4359 7,
956 4289 995 4348 6ο
1017 4280 1069 4343 καὶ
1091 4274 1298 4345 δουλώσουσιν

205 4350 279 4423 naiso*
297 4353 343 4440 (ad
362 4356 489 4443 σπέρμα)
511 4360 561 4445 ἔτη
581 4362 770 4448 carpendum
791 4376 822 4429 et
834 4368 867 4427 iu
889 4367 1015 4450 Iosepho
1035 4366 1073 4430 ΙΙ.
1088 4386 1153 4449 cap.
1165 4372 1198 4437 9.
1214 4363 1245 4447 §-
1261 4371 1297 4433 1:
