3109 4959
726 1111 778 1176 tn

231 1239 1266 1333 GEORGIIMONACHI

351 1411 804 1490 SANCTISSIMI
844 1413 1131 1488 TARASII

446 1582 768 1632 CONSTANTINOPOL.
797 1582 1046 1632 PATRIARCHAE

386 1773 388 1778 ,
505 1697 990 1788 SYNCELLI

285 1864 665 1930 cosnrcrsnrs
703 1862 1207 1940 ennonoontrurcn‚

405 2001 438 2059 P.
459 2001 559 2060 Iacom
581 2002 670 2059 Gom
691 2021 811 2060 osorms
834 2020 1088 2062 rnsrturcnrosun

372 2129 1122 2208 EMENDATIONES

525 2283 587 2350 ET
612 2281 966 2352 ANNOTATIONES.

283 2505 354 2584 Peg.
377 2511 405 2571 1.
424 2498 475 2568 Ἐν
489 2499 569 2592 ὀρχῇ
582 2504 721 2586 ἐποίησεν
736 2502 752 2570 ὁ
765 2500 841 2580 Orda·
854 2503 905 2574 adr
918 2500 1051 2590 ου’ρανδν
1066 2504 1118 2570 καὶ
1134 2500 1192 2586 τήν
1205 2501 1287 2587 γῆν.]
1304 2503 1338 2560 V·
1357 2508 1371 2560 ¹

201 2589 294 2664 Quasi
318 2612 436 2651 scuram
458 2613 492 2651 ae
510 2591 676 2666 theatrum,
706 2592 867 2670 inquibus
888 2595 989 2674 superi
1008 2591 1207 2669 mortalesque
1224 2606 1294 2647 suas

201 2674 313 2756 quique
326 2697 466 2756 personas
479 2686 582 2754 agunt:
605 2685 712 2736 cuncta
725 2676 870 2736 Vanitatis
884 2677 1064 2754 ludibrium,
1086 2677 1191 2736 Mortis
1202 2673 1294 2732 simu-

200 2761 292 2836 lacra,
313 2762 423 2839 quibus
435 2760 508 2818 hinc
524 2759 748 2836 cachinnorum,
770 2759 1067 2841 indelachrymarum
1082 2759 1225 2844 praebent
1242 2780 1293 2818 ar-

200 2855 354 2922 gumenta:
382 2845 434 2903 ubi
449 2844 537 2902 nubis
558 2854 722 2924 postremos
740 2845 818 2903 inter
830 2843 965 2905 horninur
981 2847 1058 2906 natis
1067 2892 1076 2921 ,
1098 2856 1128 2904 et
1141 2853 1293 2924 spectato-

201 2949 267 2988 rum
285 2930 366 2988 vices
385 2929 600 2990 sustinentibus
616 2928 761 2989 maiorum
785 2939 848 2988 acta
866 2930 1014 2991 Historiae
1035 2941 1065 2992 et
1078 2929 1293 3007 chronologiae
1337 2928 1340 2933 ’

201 3024 392 3073 morsumenta
411 3024 652 3094 repraesentant,
679 3025 714 3073 ut
729 3014 849 3073 tandem
870 3016 1047 3094 spectaculis
1065 3014 1149 3075 bisce
1164 3015 1294 3074 inaniter

200 3100 298 3178 pasti,
327 3100 471 3178 rebusque
488 3098 665 3178 ,praeteritis
692 3099 777 3160 velut
801 3101 1006 3179 praesentibus
1033 3101 1149 3170 ail'ecti,
1177 3108 1293 3179 partem

202 3183 331 3256 tabulae,
354 3206 442 3264 quam
457 3184 585 3244 mundus
602 3183 662 3262 agit
676 3194 706 3244 et
717 3183 857 3264 inspicit,
880 3187 1029 3265 nosipsos
1049 3184 1264 3264 profiteremur.

290 3272 352 3330 roo
379 3267 412 3331 di
434 3263 512 3349 παρ’
538 3269 714 3348 Αἰγυπτίοις
741 3265 873 3348 ἑβδόμου
902 3267 994 3349 μηνός
1017 3264 1099 3348 rufi]
1130 3268 1254 3328 ludaeos
1275 3287 1293 3324 a

201 3372 301 3411 mense
321 3353 412 3411 Nisan
432 3352 513 3411 cirea
531 3372 657 3411 ventum
676 3353 898 3432 aequinoctium
919 3353 1159 3413 Ecclesiasticum
1182 3372 1293 3412 antrum

201 3436 350 3516 auspicari
360 3436 436 3495 nutli
446 3436 502 3496 nisi
511 3436 728 3515 scripturarum
740 3438 844 3514 ignaro
859 3437 992 3496 dubium.
1012 3438 1151 3518 Aegyptii
1165 3457 1293 3516 quorum

202 3542 298 3580 armus
310 3522 407 3581 civilis
419 3525 491 3588 365.
503 3521 618 3580 dierum
632 3522 779 3594 circulum
793 3531 861 3582 anto
874 3521 1024 3583 devictum
1037 3522 1200 3583 Antonium
1218 3541 1294 3582 nun·

202 3627 290 3686 quam
311 3607 453 3683 excessit,
479 3607 635 3685 repudiato
654 3607 796 3666 nimirum
813 3606 983 3667 intercalari
1004 3629 1099 3686 anno,
1127 3628 1214 3688 quem
1236 3625 1293 3666 noa

200 3691 370 3752 bissextum
377 3692 513 3767 dicimus,
530 3691 654 3769 singulis
669 3692 883 3771 quadrienniis,
905 3694 969 3752 eius
984 3713 1069 3774 quem
1087 3693 1223 3752 addimus
1237 3689 1294 3750 de-

202 3776 300 3846 tectu,
329 3778 376 3836 die
391 3798 453 3836 uno
473 3776 656 3856 principium
673 3777 745 3835 anni
759 3777 998 3858 praeveniebant.
1041 3779 1110 3838 Illis
1131 3781 1224 3850 enim,
1245 3774 1295 3834 in-

202 3862 268 3938 quit
285 3861 445 3940 Geminus,
467 3882 561 3940 neque
573 3863 628 3921 Sol
644 3883 775 3937 annum,
802 3884 895 3942 neque
909 3867 1005 3923 era
1024 3885 1153 3924 mersum
1173 3881 1294 3938 curnpu-

202 3948 269 4005 nit:
296 3945 351 4006 scd
366 3951 494 4026 priuata
515 3947 709 4005 sideralium
725 3951 891 4006 irretiuntur
910 3961 1088 4028 utrumqne,
1119 3958 1155 4004 ut
1173 3946 1295 4024 patrios

202 4032 425 4109 rcrcrificiorum
452 4034 548 4107 ritus,
575 4053 634 4089 non
655 4031 762 4090 dicbus·
789 4035 929 4108 statiuis,
956 4032 1010 4091 sed
1034 4031 1216 4105 mobilibus,
1238 4049 1295 4108 per

203 4135 302 4172 omnes·
322 4120 399 4174 reris
419 4120 548 4174 aemuia
564 4120 709 4175 autumni
733 4129 759 4174 et
780 4118 896 4195 lays-mis
916 4127 1104 4195 tempestates
1121 4126 1293 4195 peragant:

202 4220 295 4277 eoque
308 4201 370 4277 fine
388 4223 467 4259 anno
484 4223 518 4258 ea·
531 4199 690 4259 drwdecim
710 4204 863 4260 mensibus
876 4203 1048 4260 tricenariis
1065 4203 1197 4278 singulis
1220 4220 1294 4258 con-

193 4286 295 4363 flatu,
319 4297 437 4364 epactas
453 4282 574 4364 quidem
587 4285 708 4345 addunt
721 4290 856 4366 quinque
870 4285 952 4360 dies,
965 4288 1047 4362 J'eetr'
1062 4307 1129 4345 reru
1143 4297 1292 4364 postremo

201 4369 344 4428 celebrati
359 4371 579 4430 aolernru'tutem
599 4374 803 4450 ursticiputure'
821 4369 1026 4452 quadrantem
1040 4368 1102 4430 diei
1122 4393 1182 4431 non
1202 4373 1294 4432 inter-
