3109 4959
268 435 345 514 358
638 445 990 517 EMENDATIONES

267 601 415 683 secundo,
434 606 558 686 septimo
579 616 608 663 et
628 606 773 683 vigesimo
794 607 907 663 mensis
931 605 1072 684 arefacta
1094 618 1139 666 est
1160 617 1250 671 terra.
1266 627 1300 667 v.
1321 611 1369 674 14.

266 691 405 756 revoluta
428 691 465 750 ab
486 691 607 750 ineunte
628 689 745 750 diluvio
766 689 839 749 solis
858 701 957 749 annua
974 691 1108 770 periodo.
1152 693 1238 754 Circa
1253 702 1371 752 textum

267 775 412 839 Authoris
428 776 664 851 observandum,
686 794 751 834 eum
779 775 874 834 annui
887 775 1059 835 Kolendsrii
1080 778 1199 838 tabulas
1221 779 1277 837 sibi
1295 799 1372 858 pro·

153 921 156 926 .
266 862 350 944 prise
362 861 541 943 respexisse,
563 880 620 919 nec
633 858 773 919 ianuario
790 881 891 920 mense
907 862 991 920 iuxta
1006 861 1152 923 lulianum
1169 884 1293 940 morem,
1315 864 1372 922 lit-

265 957 398 1008 terarum
411 945 500 1007 serim
512 945 712 1006 iudicantium
726 945 923 1006 mutationem
936 946 1056 1007 fecisses
1082 967 1142 1028 qua
1161 968 1199 1007 ex
1211 949 1372 1008 observan-

266 1032 310 1098 tia
336 1030 480 1111 contigit,
502 1040 538 1091 ut
555 1030 657 1090 eadem
678 1039 795 1092 retenta
810 1030 929 1108 litters,
949 1030 1039 1091 iniis
1062 1052 1140 1113 quse
1157 1041 1229 1113 post
1242 1034 1373 1093 Ianuarii

266 1117 417 1178 Kalendas
436 1116 580 1176 accidisse
603 1125 722 1189 narrat,
741 1113 776 1174 in
796 1117 920 1176 eandem
943 1137 1060 1198 quoque
1083 1117 1189 1179 feriam
1213 1119 1371 1178 coniiciate

264 1202 339 1263 elias
352 1223 416 1262 non
427 1201 503 1261 levis
516 1208 594 1261 esset
606 1200 687 1271 eius,
708 1201 759 1260 vel
773 1201 899 1262 Librasii
915 1221 1017 1277 error,
1039 1204 1108 1262 anni
1123 1203 1242 1264 Iuliani.
1249 1203 1311 1262 dies
1332 1202 1373 1262 td

264 1287 387 1348 alterius
402 1286 474 1346 anni
490 1286 583 1346 nisan
597 1285 740 1345 Kalendis
756 1285 931 1368 incipientis
945 1287 1179 1347 commetiendos
1193 1309 1256 1347 non
1271 1297 1373 1347 atten-

264 1371 372 1434 dentis.
415 1372 573 1430 Caeterum
595 1369 816 1449 frequentiores
842 1372 986 1450 marginis
1011 1374 1249 1449 emendationes,
1286 1373 1375 1433 velut

265 1455 425 1516 adiunctae
443 1455 596 1536 reliquae,
624 1473 663 1514 ex
675 1455 881 1516 Romanorum
897 1456 1115 1539 Aegyptiorum
1138 1468 1169 1517 et
1181 1457 1374 1518 ludaicorum

264 1541 414 1602 mensium
426 1540 546 1600 laudata
562 1539 663 1600 tabula
680 1541 926 1621 comprobentur.

347 1627 417 1705 Peg.
440 1631 490 1694 27.
517 1629 619 1688 Ταῦτα
639 1621 695 1704 μὲν
712 1625 746 1692 ἐκ
760 1629 844 1706 aria]
867 1625 981 1687 Laudat
993 1625 1159 1688 Aetherem
1180 1625 1321 1704 Scaliger,
1343 1633 1376 1686 et

263 1711 429 1791 Augustino
447 1711 484 1771 de
504 1711 594 1773 civit.
610 1709 663 1769 Dei
681 1711 820 1791 superius
834 1711 935 1779 ,citato
957 1712 1127 1774 consentire
1143 1711 1265 1784 scribit,
1287 1711 1374 1770 etad
1396 1710 1400 1716 '

264 1801 390 1857 verbum
405 1795 579 1856 transcribit
599 1815 663 1874 pag.
682 1798 754 1863 245.
901 1866 903 1870 Ι

337 1879 378 1944 “A
392 1876 553 1961 ὀφθαλμὸς
568 1874 626 1944 osis
641 1875 752 1954 elien]
795 1880 864 1941 Non
877 1881 910 1941 in
924 1879 1099 1962 apocrypha
1116 1880 1207 1942 modo
1222 1881 1304 1940 Eliae
1319 1901 1374 1940 re·

263 1967 422 2041 velatione,
444 1966 541 2025 sedin
557 1966 691 2046 probatis
706 1976 737 2025 et
751 1969 880 2046 receptis
894 1967 986 2026 Isaiae
1000 1966 1152 2027 vaticiniis
1167 1985 1306 2045 praesens
1318 1964 1374 2024 hic

262 2051 349 2112 locus
377 2051 527 2130 reperitur
549 2072 615 2130 cap.
644 2052 696 2116 64.
719 2052 751 2110 in
780 2072 869 2130 quem
893 2051 1103 2130 Hieronymus.
1153 2052 1374 2130 I’araplsrasin

263 2135 358 2195 liuius
368 2137 534 2195 testimonii
550 2137 643 2215 quasi
657 2136 832 2194 Hebraeum
847 2157 881 2194 ea
895 2136 1046 2195 Hebraeis
1067 2139 1270 2216 assumpsisse
1282 2138 1374 2216 Apo-

263 2223 378 2278 stolum
390 2221 528 2279 I’aulam
539 2219 576 2278 de
588 2221 774 2279 authenticis
789 2220 878 2280 libris
893 2222 926 2279 ia
941 2223 1079 2301 epistola,
1101 2243 1195 2302 quam
1207 2222 1315 2280 scribit
1329 2218 1378 2278 ad

266 2303 442 2364 Corinthios
455 2325 515 2362 non
528 2305 651 2362 verbum
665 2327 700 2368 ea
715 2306 803 2365 verbo
819 2304 1006 2383 reddentem,
1027 2307 1112 2386 qnod
1123 2309 1233 2383 facere
1249 2308 1375 2365 cennino
1393 2355 1401 2373 ‚

264 2388 443 2463 contemnit,
464 2385 520 2446 sed
531 2408 655 2445 aeneam
669 2394 876 2468 exprimentem
891 2395 1074 2466 ceritatem,
1087 2392 1199 2471 quibus
1214 2396 1315 2449 utitor
1328 2387 1378 2447 ad

264 2472 303 2535 id
310 2471 764 2554 quod-coluerit'roborandam
793 2475 890 2548 Quom
905 2476 990 2535 Pauli
1004 2477 1158 2554 epistolam
1168 2497 1237 2534 curn
1251 2474 1376 2553 quidam

209 2613 212 2618 .
264 2559 325 2622 fids
337 2568 458 2621 notam
475 2558 513 2617 ob
530 2556 736 2616 testimonium
755 2576 794 2616 ex
809 2558 991 2639 apocryphis
1013 2560 1156 2618 eductum
1179 2562 1376 2638 suspicaren-

261 2655 332 2721 tur,
361 2644 469 2704 merito
494 2652 653 2702 succenset
677 2641 880 2722 Hieronymus
903 2645 938 2701 in
963 2642 1105 2702 Matthaei
1131 2655 1222 2724 capot
1240 2652 1269 2710 2.
1291 2665 1321 2704 v.
1341 2651 1374 2710 9.

263 2730 407 2791 scribens.
447 2727 702 2808 Apocrppleorum
719 2725 922 2786 deliramenta
937 2733 1115 2802 conticeant,
1139 2751 1215 2808 qaae
1229 2751 1263 2786 ex
1280 2751 1375 2788 occa-

264 2818 350 2874 sione
364 2813 462 2872 haias
477 2816 642 2872 testimonii
654 2815 841 2892 ingeruntur
856 2814 1002 2874 Ecclesiis
1020 2815 1145 2873 atussa.

346 2893 400 2960 'Ee
411 2901 450 2974 τῆ
464 2896 538 2979 πρὸς
551 2893 710 2976 Ἐφεσίους
726 2899 761 2960 ἐκ
775 2903 832 2960 τοῦ
843 2882 1007 2978 Templum]
1050 2899 1250 2976 Hieronymus
1265 2896 1375 2955 iterum

263 2984 298 3045 in
315 2983 398 3043 itlius
417 2967 559 3062 epistolae
582 3002 647 3061 cap.
666 2983 696 3046 5.
739 2984 809 3059 Ego
832 2994 908 3039 certe
930 2980 1097 3041 secundum
1116 2983 1377 3060 paupertatulam

245 3065 363 3131 ‘means
379 3087 482 3131 omnes
495 3065 640 3125 editiones
652 3076 786 3125 ceterum
801 3067 1044 3143 seripturarum,
1068 3068 1197 3146 ipsaque
1213 3066 1376 3124 Hebraeo·

263 3176 336 3216 ram
348 3153 508 3214 columina
515 3150 678 3233 diligenter
687 3150 855 3211 eventilatae
868 3171 1029 3228 nunquam
1040 3151 1098 3208 hnc
1108 3155 1256 3230 scriptam
1267 3155 1373 3232 reperi.

264 3240 301 3302 l).
317 3238 446 3298 Thomas
471 3237 510 3299 sd
523 3237 578 3296 itta
594 3237 685 3298 rerba
701 3236 796 3294 isaiae
811 3241 864 3302 60.
907 3238 1006 3315 Surge
1021 3236 1199 3295 illuminare
1213 3239 1375 3296 Hierusa-

264 3326 323 3385 lem
337 3327 414 3405 quia
428 3327 509 3384 venit
521 3323 623 3382 lunsen
636 3334 726 3381 tuum
740 3331 796 3383 stc.
812 3330 913 3381 cesrset
927 3321 1102 3401 Apostolum
1118 3323 1263 3384 allusisse.
1300 3324 1374 3381 llic·

263 3429 409 3490 ronymue
430 3409 552 3469 iterum.
598 3409 660 3487 Qui
680 3407 818 3486 simplici
835 3409 1025 3486 responsione
1044 3419 1201 3467 contentas
1222 3403 1283 3481 est,
1312 3405 1373 3464 eli·

243 3549 246 3557 ,
264 3506 330 3570 cet,
351 3497 386 3554 in
401 3491 567 3553 reconditis
583 3513 651 3551 erem
666 3492 846 3572 Propleetis,
868 3503 896 3550 et
910 3492 960 3550 leis
978 3513 1055 3571 qnae
1078 3505 1228 3552 vocaretur
1246 3513 1375 3570 apocry-

258 3579 343 3664 pha,
371 3579 446 3639 haec
466 3579 545 3638 lecta
563 3579 597 3636 in
624 3576 758 3636 medium
776 3578 945 3656 protulisse
971 3577 1077 3659 (sicat
1099 3590 1126 3636 et
1140 3581 1174 3635 in
1200 3579 1275 3634 aliis
1297 3598 1373 3656 qino.

264 3687 324 3747 que
351 3664 427 3722 locis
449 3686 519 3723 erens
537 3664 651 3740 fecisse
677 3665 875 3738 manifestum
902 3661 977 3744 est)·
1001 3683 1063 3722 non
1092 3661 1180 3744 qeeod
1197 3663 1373 3741 apochpme

264 3747 485 3830 comprobaret:
520 3746 576 3807 sed
597 3746 683 3831 qaod
710 3759 739 3807 et
763 3749 860 3808 Arati
884 3760 912 3807 et
935 3750 1130 3829 Epimenidis
1154 3759 1184 3804 et
1208 3747 1374 3806 Menandri

263 3834 404 3896 versibus
426 3836 469 3891 sit
490 3834 608 3893 almae
631 3833 678 3892 ad
706 3855 743 3892 ea
763 3855 844 3913 qaae
864 3835 1001 3892 voluerat
1022 3837 1055 3892 in
1076 3845 1206 3910 tempore
1228 3853 1373 3912 compro-

265 3919 379 3983 banda.
415 3919 479 3979 Nec
492 3930 593 3977 tamen
606 3930 633 3976 et
641 3919 739 3978 Arati
754 3931 782 3976 et
793 3917 988 3997 Epimenidis
1000 3929 1028 3975 et
1035 3914 1200 3975 [meandri
1215 3927 1279 3976 tota
1291 3940 1374 3997 quere

265 4010 411 4086 scripsere
435 4015 508 4064 eunt
538 4015 663 4079 sancta,
691 4006 770 4084 quia
801 4024 868 4062 cere
897 4022 946 4060 eos
974 3999 1101 4082 aliquid
1130 4000 1242 4062 dixisse
1271 4014 1372 4061 testa·

267 4102 319 4153 eus
335 4101 389 4153 eet.

350 4178 419 4255 Peg.
442 4177 493 4241 28.
514 4166 676 4252 Βηρωσσός
691 4167 725 4234 li
740 4168 772 4233 tv
787 4173 826 4254 τῇ
836 4165 964 4253 acciep]
987 4168 1166 4246 Alexandri,
1188 4193 1249 4232 non
1266 4171 1371 4231 Bes-osi

267 4261 379 4341 scripta
401 4258 545 4320 lotheris
559 4269 710 4338 temporo,
731 4260 812 4333 quod
828 4275 891 4314 non
906 4253 1004 4330 huius,
1022 4256 1076 4314 sed
1090 4256 1171 4316 illius
1188 4257 1373 4316 authoritate

267 4355 379 4420 utatur,
398 4345 534 4405 extitisse
548 4344 696 4423 suspicor.
724 4339 844 4401 Author
858 4341 922 4415 ipse
935 4340 1070 4402 interius.
1103 4346 1202 4404 Ταῦτα
1217 4339 1295 4420 φησὶ
1307 4344 1372 4404 Πο-

268 4432 397 4514 lvionso
409 4425 602 4512 Ἀλέξανδρος
618 4425 672 4494 τόν
688 4422 851 4511 Bassania
865 4424 898 4492 ie
913 4429 953 4513 ep
965 4421 1066 4514 πρώτῃ
1083 4421 1223 4508 φάσκειν.
