3109 4959
600 410 898 483 DlSSERTATIO.
1253 411 1300 479 21

209 570 273 651 gius
289 569 415 630 Eusebio
432 569 553 649 tribuit,
575 591 637 631 non
649 592 721 632 vero
733 571 828 646 illem,
849 569 1044 631 Mathusalam
1059 566 1230 652 ὖπερβῆναι
1251 567 1301 633 adv

208 652 427 734 unvanivopdv3
456 667 485 716 et
507 659 539 714 in
564 658 753 735 sequentibus
768 658 854 717 lineis
868 678 934 737 pag.
958 663 1007 723 20.
1033 658 1177 732 Georgius
1202 657 1299 715 solum

209 750 311 797 contra
335 740 455 797 brevius·
475 740 555 800 vitae
575 742 851 822 spatiumtpugnat,
873 741 954 820 quod
970 740 1148 801 Mathusalae
1162 740 1300 799 tribuon.

207 824 279 882 dum
297 843 359 883 esse
373 825 509 883 nonnulli
534 826 714 905 putaverint.
757 827 909 885 Praeterea
924 847 993 906 pag.
1009 832 1059 892 20.
1075 828 1167 887 πᾶσιν
1191 823 1300 903 sipoto·

207 902 356 989 γοῦμενὸν
371 908 446 988 ἔστι,
470 909 560 989 epod
571 930 670 967 omnes
677 931 736 989 pro
752 914 885 985 confesso
900 910 1043 986 habetur,
1063 907 1255 969 Mathusalam
1270 917 1300 969 et

205 991 407 1071 longissimam
422 1012 494 1073 prae
507 994 628 1073 reliquis
640 994 812 1053 hominibus
824 996 915 1055 vitam
924 994 1067 1076 peregisse
1084 1005 1120 1051 et
1135 991 1159 1050 d
1164 996 1176 1051 ι’
1185 992 1298 1051 Iunio

202 1080 295 1154 peri
301 1080 314 1133 ι’
323 1099 391 1137 sac.
435 1078 534 1156 (Unde
550 1079 627 1137 hanc
643 1080 749 1137 samam
761 1080 946 1161 perceperit,
973 1076 1097 1157 nescio).
1140 1077 1232 1153 lgitur
1245 1096 1300 1135 su·

206 1161 357 1240 spicatur,
379 1161 572 1221 Mathusalani
593 1184 654 1222 non
670 1184 747 1223 anno
766 1164 870 1222 mundi
899 1168 993 1239 1287,
1015 1163 1066 1220 sed
1089 1165 1172 1227 1273
1194 1171 1298 1220 natum

206 1265 282 1304 esse:
295 1245 364 1305 huic
373 1266 500 1325 namque
512 1253 572 1311 969
582 1248 653 1305 anni
663 1249 741 1306 vitae
752 1248 932 1306 Mathusalae
944 1245 1095 1304 coniuncti
1106 1246 1236 1303 reddunt
1246 1267 1297 1302 an.

205 1350 278 1388 num
290 1330 334 1387 bis
350 1330 534 1388 millesimum
550 1332 780 1389 ducentesimum
794 1330 1046 1408 quadragesimum
1063 1328 1241 1403 secundum,
1262 1328 1297 1387 in

205 1434 291 1493 quem
304 1434 413 1471 annum
423 1414 568 1472 diluvium
580 1434 699 1493 quoque
710 1414 849 1488 incurrit,
861 1435 919 1491 quo
928 1413 1092 1472 Mathusala
1103 1412 1236 1474 sublatus
1244 1422 1297 1477 est.

283 1498 358 1555 Dein
379 1518 447 1577 pag.
471 1504 520 1564 22.
545 1499 578 1556 Β.
606 1499 728 1576 legitur:
758 1498 870 1573 „Anno
893 1501 976 1563 2230
992 1496 1155 1557 Mathusala
1182 1497 1263 1554 obiit.
1272 1497 1298 1531 “-

204 1581 290 1641 Ordo
315 1602 507 1641 numerorum
529 1582 657 1662 probat,
684 1580 833 1641 hocloco
855 1603 982 1642 errorem
1004 1583 1116 1641 scribae
1136 1600 1196 1639 non
1218 1600 1294 1655 esse;

204 1666 350 1745 Georgius
370 1688 456 1739 voro,
478 1668 591 1726 latitem
612 1668 745 1726 indicare
761 1668 886 1739 oblitus,
909 1667 991 1724 hunc
1008 1685 1163 1725 numerum
1179 1684 1217 1724 ex
1230 1664 1295 1723 Eu·

202 1750 283 1809 sebio
297 1752 412 1828 sumsit,
430 1752 475 1809 uti
488 1752 605 1831 saepius
622 1753 746 1810 aliorum
761 1750 952 1826 computandi
965 1752 1104 1825 rationes,
1117 1768 1294 1827 quamquam

203 1855 251 1893 eas
273 1856 335 1893 non
357 1835 478 1915 probet,
507 1836 620 1893 inserit.
662 1836 735 1891 Nasu
755 1834 781 1890 si
803 1831 968 1890 Mathusalae
987 1833 1020 1891 A.
1043 1833 1082 1892 M.
1104 1836 1185 1897 1287
1205 1842 1293 1889 natus

202 1927 266 1991 est,
290 1927 319 1975 et
333 1940 410 1976 anno
427 1920 506 1975 vitae
521 1924 581 1981 167
595 1914 647 1978 adv
662 1916 789 1975 Lamech
804 1917 923 1995 genuit,
945 1925 974 1974 et
987 1920 1050 1982 782
1065 1925 1133 1995 post
1150 1935 1294 1994 procrea·
1367 1927 1369 1930 ’

200 2002 310 2059 tionem
327 2006 383 2063 τοῦ
399 1999 524 2059 Lamech
540 2000 640 2077 vixit3
660 2012 796 2063 mortuus
812 2011 856 2060 est
871 2021 949 2060 anno
964 2000 1043 2061 ritae
1057 2002 1135 2070 949,
1158 2009 1188 2059 et
1202 2000 1235 2059 A.
1251 1999 1291 2061 M.

201 2080 425 2171 (12871949
440 2084 494 2165 ε)
508 2090 600 2151 ausa.

276 2170 343 2249 Pag.
359 2174 428 2236 114.
445 2169 520 2233 ΑΒ.
542 2179 640 2227 autem
661 2168 832 2228 traditionis
847 2169 1037 2246 illius,quam
1052 2187 1116 2246 pag.
1124 2174 1175 2233 20.
1189 2190 1291 2229 omnes

201 2254 396 2313 certissimam
414 2276 474 2313 esse
490 2254 683 2334 profitentur,
705 2252 779 2327 adeo
801 2252 912 2311 oblitus
929 2263 991 2322 est,
1012 2262 1047 2311 ut
1064 2273 1082 2310 a
1097 2254 1221 2312 veritate
1234 2255 1291 2311 ab·

199 2338 323 2399 horrere
340 2342 366 2397 ci
387 2359 447 2396 non
462 2340 613 2412 videatur,
639 2336 833 2395 Mathusalam
854 2340 944 2395 arania
959 2335 1130 2416 quindecim
1147 2336 1188 2417 ¹⁰)
1209 2339 1292 2397 dilu-

200 2425 283 2483 vium
299 2443 464 2503 superasse:
488 2442 665 2503 quamquam
679 2423 756 2480 enim
772 2422 905 2501 ignotum
920 2422 975 2495 sit,
999 2442 1058 2500 quo
1073 2422 1139 2479 loco
1154 2433 1290 2482 servatus

199 2509 255 2584 sit,
282 2507 374 2567 Deum
393 2518 492 2567 tamen
512 2509 616 2568 modos
637 2509 779 2587 locosque
795 2528 897 2581 nosse,
919 2507 1026 2586 quibus
1040 2506 1223 2586 Mathusala,
1242 2508 1293 2568 uti

199 2592 323 2667 Enoch,
344 2594 455 2651 servari
469 2594 609 2674 potuerit.

280 2677 347 2735 Non
361 2697 458 2737 errare
479 2678 551 2737 mihi
571 2676 690 2751 videor,
713 2676 738 2735 si
757 2674 837 2735 hano
853 2696 954 2737 veram
974 2676 1092 2753 Georgii
1113 2675 1290 2735 sententiam

199 2781 263 2820 esse
285 2782 413 2841 ponam,
442 2764 581 2841 quoniam
601 2762 653 2819 illa
679 2763 804 2820 mutatio
827 2761 898 2820 anni
918 2762 1083 2820 nativitatis
1104 2759 1289 2820 Mathusalae

199 2856 307 2906 contra
326 2847 476 2905 codicesa
500 2845 626 2923 Georgio
645 2845 785 2925 probatos
804 2854 931 2925 pugnat,
953 2856 1058 2905 contra
1080 2864 1208 2924 quorum
1229 2864 1288 2903 au-

194 2932 367 2989 -ctoritatem
383 2952 514 3011 pugnare
529 2931 673 3009 Georgius
689 2950 750 2988 non
766 2932 850 2990 solet.
892 2930 930 2990 Et
944 2930 970 2989 si
984 2931 1047 2989 vita
1060 2930 1289 3009 suppeditasset,

198 3024 235 3073 ut
250 3032 325 3092 opus
342 3036 435 3094 usque
458 3018 495 3075 ad
509 3036 592 3075 suam
607 3024 729 3093 aetatem
747 3012 796 3097 (A.
816 3025 884 3096 post
900 3014 969 3073 Chr.
985 3011 1075 3093 800),
1097 3035 1182 3091 quoni
1198 3014 1289 3073 linem

198 3098 255 3157 sibi
274 3112 485 3177 proposuerat,
513 3102 695 3181 perducere,
722 3109 810 3178 utque
830 3100 1056 3158 elaborationem
1077 3099 1169 3157 totius
1189 3097 1287 3176 operis

198 3192 331 3260 repetere
354 3183 513 3261 potuissem
543 3186 625 3243 illam
646 3181 854 3243 dissensionem
872 3186 1007 3242 locorum
1029 3202 1094 3262 pag.
1116 3189 1172 3256 20,
1194 3190 1235 3249 22
1257 3190 1288 3239 et

200 3269 261 3333 114
278 3275 354 3325 certe
369 3287 435 3325 eum
453 3270 638 3326 sublaturum
653 3269 743 3326 luisse
758 3288 930 3347 persuasum
943 3268 1045 3329 babeo.
1066 3302 1100 3312 —
1121 3269 1160 3324 At
1173 3266 1287 3343 imper·

199 3354 328 3426 lectum,
352 3361 524 3432 praereptus
541 3362 650 3421 morte,
673 3353 793 3428 reliquit
809 3374 901 3431 opus,
921 3352 978 3408 iam
994 3352 1025 3408 in
1039 3349 1215 3408 Diocletiani
1227 3350 1288 3407 im-

197 3437 284 3515 perio
298 3436 421 3513 liniens3
444 3436 624 3512 tradiditque
639 3434 734 3494 arriico
755 3437 941 3513 Theophani,
963 3435 1013 3511 qui
1025 3454 1101 3511 opus
1114 3445 1287 3510 susceptum

198 3521 397 3596 continuavit,
411 3532 499 3599 atque
513 3544 529 3578 a
544 3519 717 3578 Diocletiani
732 3520 913 3599 temporibus
923 3518 962 3577 od
977 3518 1129 3577 Michaelis
1142 3528 1173 3577 et
1185 3518 1286 3578 Theo·

196 3604 334 3685 phylacti
357 3606 419 3663 eius
434 3606 489 3663 filii
509 3605 665 3683 imperium
687 3599 720 3683 (i.
742 3624 765 3664 c.
781 3624 874 3685 usque
894 3604 933 3661 ad
952 3624 1063 3663 annum
1077 3608 1140 3669 822
1154 3623 1169 3660 e
1184 3613 1286 3663 nostra

198 3691 434 3766 computatione)
454 3690 624 3748 Chronicon
645 3688 799 3766 congessit.
841 3687 932 3766 (Vide
947 3688 1134 3769 Theophanis
1149 3686 1285 3747 Chrono-

196 3773 351 3850 graphianr
368 3774 399 3831 in
417 3775 616 3853 Scriptoribus
629 3774 817 3849 Byzantinis,
839 3774 922 3833 Tem.
938 3772 985 3830 Vl.
1000 3794 1029 3851 p.
1046 3777 1076 3837 3.
1092 3773 1122 3837 4.
1144 3772 1212 3830 edit.
1228 3774 1287 3831 Pa-

194 3858 261 3932 ris.)
304 3858 430 3919 Errores
452 3870 550 3918 autem
575 3877 638 3917 non
659 3855 785 3935 delevit,
814 3878 911 3938 neque
932 3857 1129 3919 dissensiones
1148 3856 1286 3917 iocorum

196 3942 386 4021 quorundam
401 3945 533 4006 sustulit.

235 4108 281 4175 10)
299 4104 344 4173 ἔτη
358 4104 388 4159 ιε’
402 4107 429 4159 in
444 4108 572 4163 codicibus
586 4110 762 4179 manuscriptis
775 4109 879 4177 legitur,
892 4124 974 4176 neque
988 4123 1044 4161 carn
1058 4109 1146 4161 Goaro
1155 4111 1225 4159 rosato
1234 4103 1287 4160 sd'a

267 4176 369 4245 saepius
382 4176 447 4227 eninr
464 4180 631 4251 chronologi,
649 4180 794 4235 admodum
809 4181 983 4241 Romanorum,
1000 4185 1027 4228 ct
1038 4194 1127 4229 annum
1142 4177 1242 4243 dequo,
1259 4179 1288 4228 ct
1354 4195 1356 4199 ·

268 4262 357 4299 annum
373 4244 405 4294 ad
421 4262 495 4311 quern
510 4250 640 4311 raserunt,
658 4254 812 4316 conpetant.
847 4246 964 4315 Scaliger
984 4263 1083 4315 quoque
1099 4245 1124 4296 in
1137 4243 1289 4302 Eusebianis

268 4332 328 4384 pag.
343 4311 367 4367 4.
385 4312 517 4366 lectionem
530 4317 756 4387 manuscriptorum
773 4315 869 4378 edidit;
886 4315 975 4367 tribuit
984 4328 1045 4368 vero
1060 4314 1170 4365 Eusebio
1188 4312 1288 4383 opinio-

268 4400 340 4449 nem,
358 4382 525 4439 Mathusalaur
538 4385 633 4439 diluvio
646 4387 808 4457 superstitem
820 4384 915 4449 insse,
931 4402 998 4455 quae
1012 4402 1061 4438 non
1078 4380 1185 4437 Eusehii
1197 4391 1244 4436 est
