<?xml version="1.0" encoding="UTF-8"?>
<!DOCTYPE html PUBLIC "-//W3C//DTD XHTML 1.0 Transitional//EN"
    "http://www.w3.org/TR/xhtml1/DTD/xhtml1-transitional.dtd">
<html xmlns="http://www.w3.org/1999/xhtml" xml:lang="en" lang="en">
 <head>
  <title>
</title>
<meta http-equiv="Content-Type" content="text/html;charset=utf-8" />
  <meta name='ocr-system' content='tesseract 3.04.00' />
  <meta name='ocr-capabilities' content='ocr_page ocr_carea ocr_par ocr_line ocrx_word'/>
</head>
<body>
  <div class='ocr_page' id='page_1' title='image "./corpusscriptoru33theogoog_0053.png"; bbox 0 0 3109 4959; ppageno 0'>
   <div class='ocr_carea' id='block_1_1' title="bbox 637 382 1329 499">
    <p class='ocr_par' dir='ltr' id='par_1_1' title="bbox 637 382 1329 499">
     <span class='ocr_line' id='line_1_1' title="bbox 637 382 1329 499; baseline 0.003 -3"><span class='ocrx_word' id='word_1_1' title='bbox 637 425 935 496; x_wconf 76' lang='lat' dir='ltr'>mascarano.</span> <span class='ocrx_word' id='word_1_2' title='bbox 1044 382 1048 394; x_wconf 73' lang='grc'><strong>’</strong></span> <span class='ocrx_word' id='word_1_3' title='bbox 1278 420 1329 499; x_wconf 81' lang='lat'>45</span> 
     </span>
    </p>
   </div>
   <div class='ocr_carea' id='block_1_2' title="bbox 237 583 1329 836">
    <p class='ocr_par' dir='ltr' id='par_1_2' title="bbox 237 583 1329 836">
     <span class='ocr_line' id='line_1_2' title="bbox 237 583 1329 670; baseline 0.002 -24"><span class='ocrx_word' id='word_1_4' title='bbox 237 594 406 646; x_wconf 85' lang='lat' dir='ltr'>sanctarum</span> <span class='ocrx_word' id='word_1_5' title='bbox 429 583 647 667; x_wconf 80' lang='lat' dir='ltr'>scripturarum</span> <span class='ocrx_word' id='word_1_6' title='bbox 665 584 748 645; x_wconf 89' lang='lat' dir='ltr'>hunc</span> <span class='ocrx_word' id='word_1_7' title='bbox 768 584 880 644; x_wconf 89' lang='lat' dir='ltr'>librum</span> <span class='ocrx_word' id='word_1_8' title='bbox 900 592 1139 665; x_wconf 74' lang='lat' dir='ltr'>computruerat,</span> <span class='ocrx_word' id='word_1_9' title='bbox 1161 583 1329 670; x_wconf 83' lang='lat' dir='ltr'>(Hierony-</span> 
     </span>
     <span class='ocr_line' id='line_1_3' title="bbox 238 666 1328 751; baseline 0.001 -18"><span class='ocrx_word' id='word_1_10' title='bbox 238 694 303 733; x_wconf 88' lang='lat' dir='ltr'>mus</span> <span class='ocrx_word' id='word_1_11' title='bbox 323 672 356 729; x_wconf 89' lang='lat' dir='ltr'>in</span> <span class='ocrx_word' id='word_1_12' title='bbox 378 674 501 751; x_wconf 83' lang='lat' dir='ltr'>praefat.</span> <span class='ocrx_word' id='word_1_13' title='bbox 525 672 564 731; x_wconf 89' lang='lat' dir='ltr'>ad</span> <span class='ocrx_word' id='word_1_14' title='bbox 585 666 806 749; x_wconf 80' lang='lat' dir='ltr'>libr.·1udiah);</span> <span class='ocrx_word' id='word_1_15' title='bbox 836 670 1161 730; x_wconf 79' lang='lat' dir='ltr'>Pseudo-Athanasius</span> <span class='ocrx_word' id='word_1_16' title='bbox 1180 674 1328 751; x_wconf 85' lang='lat' dir='ltr'>epitomas</span> 
     </span>
     <span class='ocr_line' id='line_1_4' title="bbox 237 754 1327 836; baseline 0.003 -21"><span class='ocrx_word' id='word_1_17' title='bbox 237 776 335 815; x_wconf 86' lang='lat' dir='ltr'>sacrae</span> <span class='ocrx_word' id='word_1_18' title='bbox 355 756 521 836; x_wconf 79' lang='lat' dir='ltr'>scripturae</span> <span class='ocrx_word' id='word_1_19' title='bbox 541 757 660 828; x_wconf 85' lang='lat' dir='ltr'>inscrit3</span> <span class='ocrx_word' id='word_1_20' title='bbox 689 754 874 829; x_wconf 70' lang='lat' dir='ltr'><strong>Augustinus</strong></span> <span class='ocrx_word' id='word_1_21' title='bbox 892 765 925 814; x_wconf 86' lang='grc' dir='ltr'>ιιι</span> <span class='ocrx_word' id='word_1_22' title='bbox 941 756 1050 814; x_wconf 89' lang='lat' dir='ltr'>librum</span> <span class='ocrx_word' id='word_1_23' title='bbox 1069 756 1246 815; x_wconf 89' lang='lat' dir='ltr'>canonicum</span> <span class='ocrx_word' id='word_1_24' title='bbox 1261 780 1327 819; x_wconf 87' lang='lat' dir='ltr'>me-</span> 
     </span>
    </p>
   </div>
   <div class='ocr_carea' id='block_1_3' title="bbox 234 839 1328 1015">
    <p class='ocr_par' dir='ltr' id='par_1_3' title="bbox 234 839 1328 1015">
     <span class='ocr_line' id='line_1_5' title="bbox 235 839 1328 919; baseline 0.003 -20"><span class='ocrx_word' id='word_1_25' title='bbox 235 850 342 917; x_wconf 85' lang='lat' dir='ltr'>morat,</span> <span class='ocrx_word' id='word_1_26' title='bbox 362 862 397 900; x_wconf 91' lang='lat' dir='ltr'>ac</span> <span class='ocrx_word' id='word_1_27' title='bbox 411 842 532 900; x_wconf 86' lang='lat' dir='ltr'>tertium</span> <span class='ocrx_word' id='word_1_28' title='bbox 547 841 713 901; x_wconf 79' lang='lat' dir='ltr'>Concilium</span> <span class='ocrx_word' id='word_1_29' title='bbox 729 839 970 919; x_wconf 79' lang='lat' dir='ltr'>Carthaginiense</span> <span class='ocrx_word' id='word_1_30' title='bbox 984 861 1063 901; x_wconf 89' lang='lat' dir='ltr'>anno</span> <span class='ocrx_word' id='word_1_31' title='bbox 1075 846 1139 909; x_wconf 78' lang='lat'>397</span> <span class='ocrx_word' id='word_1_32' title='bbox 1152 862 1260 905; x_wconf 89' lang='lat' dir='ltr'>canon.</span> <span class='ocrx_word' id='word_1_33' title='bbox 1274 845 1328 910; x_wconf 78' lang='lat'>47.</span> 
     </span>
     <span class='ocr_line' id='line_1_6' title="bbox 234 926 562 1015; baseline 0.003 -31"><span class='ocrx_word' id='word_1_34' title='bbox 234 926 266 984; x_wconf 90' lang='lat' dir='ltr'>in</span> <span class='ocrx_word' id='word_1_35' title='bbox 283 946 426 1015; x_wconf 76' lang='lat' dir='ltr'>canonem</span> <span class='ocrx_word' id='word_1_36' title='bbox 440 926 562 1007; x_wconf 87' lang='lat' dir='ltr'>recepit.</span> 
     </span>
    </p>
   </div>
   <div class='ocr_carea' id='block_1_4' title="bbox 214 1026 1342 3798">
    <p class='ocr_par' dir='ltr' id='par_1_4' title="bbox 214 1026 1342 3795">
     <span class='ocr_line' id='line_1_7' title="bbox 250 1026 1326 1114; baseline 0.002 -27"><span class='ocrx_word' id='word_1_37' title='bbox 250 1098 254 1111; x_wconf 29' lang='grc' dir='ltr'>ι</span> <span class='ocrx_word' id='word_1_38' title='bbox 318 1030 374 1088; x_wconf 88' lang='lat' dir='ltr'>Res</span> <span class='ocrx_word' id='word_1_39' title='bbox 389 1037 483 1114; x_wconf 83' lang='lat' dir='ltr'>gestas</span> <span class='ocrx_word' id='word_1_40' title='bbox 498 1027 727 1087; x_wconf 79' lang='lat' dir='ltr'>fortissimorum</span> <span class='ocrx_word' id='word_1_41' title='bbox 742 1026 837 1103; x_wconf 87' lang='lat' dir='ltr'>gentis</span> <span class='ocrx_word' id='word_1_42' title='bbox 849 1026 988 1086; x_wconf 75' lang='lat' dir='ltr'>Iudaicae</span> <span class='ocrx_word' id='word_1_43' title='bbox 1000 1026 1135 1104; x_wconf 81' lang='lat' dir='ltr'>heroum,</span> <span class='ocrx_word' id='word_1_44' title='bbox 1158 1028 1227 1089; x_wconf 89' lang='lat' dir='ltr'>dico</span> <span class='ocrx_word' id='word_1_45' title='bbox 1239 1031 1326 1089; x_wconf 86' lang='lat' dir='ltr'>Mac·</span> 
     </span>
     <span class='ocr_line' id='line_1_8' title="bbox 234 1109 1325 1191; baseline 0.005 -22"><span class='ocrx_word' id='word_1_46' title='bbox 234 1113 377 1189; x_wconf 80' lang='lat' dir='ltr'>sabaeos,</span> <span class='ocrx_word' id='word_1_47' title='bbox 398 1109 505 1189; x_wconf 87' lang='lat' dir='ltr'>latius,</span> <span class='ocrx_word' id='word_1_48' title='bbox 526 1113 571 1171; x_wconf 83' lang='lat' dir='ltr'>uti</span> <span class='ocrx_word' id='word_1_49' title='bbox 592 1113 743 1191; x_wconf 83' lang='lat' dir='ltr'>expectari</span> <span class='ocrx_word' id='word_1_50' title='bbox 763 1122 897 1191; x_wconf 87' lang='lat' dir='ltr'>poterat,</span> <span class='ocrx_word' id='word_1_51' title='bbox 915 1112 1066 1187; x_wconf 77' lang='lat' dir='ltr'>Georgius</span> <span class='ocrx_word' id='word_1_52' title='bbox 1086 1116 1251 1191; x_wconf 84' lang='lat' dir='ltr'>enarravit,</span> <span class='ocrx_word' id='word_1_53' title='bbox 1273 1136 1325 1174; x_wconf 87' lang='lat' dir='ltr'>ea-</span> 
     </span>
     <span class='ocr_line' id='line_1_9' title="bbox 233 1196 1325 1305; baseline 0.004 -48"><span class='ocrx_word' id='word_1_54' title='bbox 233 1198 358 1277; x_wconf 86' lang='lat' dir='ltr'>demque</span> <span class='ocrx_word' id='word_1_55' title='bbox 373 1200 487 1277; x_wconf 86' lang='lat' dir='ltr'>saepius</span> <span class='ocrx_word' id='word_1_56' title='bbox 506 1208 642 1305; x_wconf 81' lang='lat' dir='ltr'>repeteps</span> <span class='ocrx_word' id='word_1_57' title='bbox 660 1196 754 1256; x_wconf 92' lang='lat' dir='ltr'>libros</span> <span class='ocrx_word' id='word_1_58' title='bbox 774 1196 829 1255; x_wconf 89' lang='lat' dir='ltr'>suh</span> <span class='ocrx_word' id='word_1_59' title='bbox 850 1198 971 1255; x_wconf 85' lang='lat' dir='ltr'>nomine</span> <span class='ocrx_word' id='word_1_60' title='bbox 985 1197 1226 1258; x_wconf 80' lang='lat' dir='ltr'>Maccahaeorum</span> <span class='ocrx_word' id='word_1_61' title='bbox 1246 1210 1325 1261; x_wconf 89' lang='lat' dir='ltr'>totos</span> 
     </span>
     <span class='ocr_line' id='line_1_10' title="bbox 232 1276 1325 1365; baseline 0.004 -22"><span class='ocrx_word' id='word_1_62' title='bbox 232 1284 294 1343; x_wconf 87' lang='lat' dir='ltr'>fere</span> <span class='ocrx_word' id='word_1_63' title='bbox 313 1282 457 1343; x_wconf 73' lang='lat' dir='ltr'>exhausit.</span> <span class='ocrx_word' id='word_1_64' title='bbox 504 1287 570 1345; x_wconf 82' lang='lat' dir='ltr'>Teia</span> <span class='ocrx_word' id='word_1_65' title='bbox 586 1306 643 1361; x_wconf 80' lang='grc' dir='ltr'>μιν</span> <span class='ocrx_word' id='word_1_66' title='bbox 659 1279 715 1361; x_wconf 72' lang='lat' dir='ltr'>prio</span> <span class='ocrx_word' id='word_1_67' title='bbox 730 1277 945 1344; x_wconf 76' lang='grc' dir='ltr'>θεοπνεύσιων</span> <span class='ocrx_word' id='word_1_68' title='bbox 961 1276 1017 1343; x_wconf 84' lang='grc' dir='ltr'>ουίι</span> <span class='ocrx_word' id='word_1_69' title='bbox 1041 1282 1115 1359; x_wconf 79' lang='lat' dir='ltr'>eici,</span> <span class='ocrx_word' id='word_1_70' title='bbox 1137 1280 1275 1365; x_wconf 75' lang='grc' dir='ltr'>χρήσιμοι</span> <span class='ocrx_word' id='word_1_71' title='bbox 1291 1283 1325 1347; x_wconf 75' lang='grc' dir='ltr'>δὲ</span> 
     </span>
     <span class='ocr_line' id='line_1_11' title="bbox 231 1364 1324 1447; baseline -0.004 -16"><span class='ocrx_word' id='word_1_72' title='bbox 231 1364 314 1429; x_wconf 78' lang='grc' dir='ltr'><em>πάνυ</em></span> <span class='ocrx_word' id='word_1_73' title='bbox 332 1366 496 1444; x_wconf 81' lang='grc' dir='ltr'>πεφύκασι,</span> <span class='ocrx_word' id='word_1_74' title='bbox 519 1388 584 1447; x_wconf 82' lang='lat' dir='ltr'>pag.</span> <span class='ocrx_word' id='word_1_75' title='bbox 604 1370 676 1434; x_wconf 80' lang='lat'><strong>273.</strong></span> <span class='ocrx_word' id='word_1_76' title='bbox 694 1368 790 1425; x_wconf 88' lang='lat' dir='ltr'>C.-</span> <span class='ocrx_word' id='word_1_77' title='bbox 748 1367 957 1445; x_wconf 86' lang='lat' dir='ltr'>-Georgius</span> <span class='ocrx_word' id='word_1_78' title='bbox 974 1378 1107 1445; x_wconf 77' lang='lat' dir='ltr'>quatuor</span> <span class='ocrx_word' id='word_1_79' title='bbox 1126 1369 1218 1426; x_wconf 78' lang='lat' dir='ltr'>libros</span> <span class='ocrx_word' id='word_1_80' title='bbox 1234 1370 1324 1428; x_wconf 89' lang='lat' dir='ltr'>Mac-</span> 
     </span>
     <span class='ocr_line' id='line_1_12' title="bbox 223 1451 1323 1532; baseline 0.003 -22"><span class='ocrx_word' id='word_1_81' title='bbox 223 1453 404 1512; x_wconf 77' lang='lat' dir='ltr'>&#39;cabarerum</span> <span class='ocrx_word' id='word_1_82' title='bbox 417 1462 570 1527; x_wconf 86' lang='lat' dir='ltr'>numerat,</span> <span class='ocrx_word' id='word_1_83' title='bbox 592 1451 761 1511; x_wconf 86' lang='lat' dir='ltr'>describens</span> <span class='ocrx_word' id='word_1_84' title='bbox 777 1471 896 1531; x_wconf 86' lang='lat' dir='ltr'>quoque</span> <span class='ocrx_word' id='word_1_85' title='bbox 910 1472 983 1529; x_wconf 87' lang='lat' dir='ltr'>quac</span> <span class='ocrx_word' id='word_1_86' title='bbox 996 1452 1028 1509; x_wconf 89' lang='lat' dir='ltr'>in</span> <span class='ocrx_word' id='word_1_87' title='bbox 1040 1452 1117 1511; x_wconf 88' lang='lat' dir='ltr'>libro</span> <span class='ocrx_word' id='word_1_88' title='bbox 1130 1463 1237 1532; x_wconf 84' lang='lat' dir='ltr'>quarto</span> <span class='ocrx_word' id='word_1_89' title='bbox 1251 1475 1323 1513; x_wconf 88' lang='lat' dir='ltr'>con·</span> 
     </span>
     <span class='ocr_line' id='line_1_13' title="bbox 230 1498 1324 1617; baseline 0.003 -21"><span class='ocrx_word' id='word_1_90' title='bbox 230 1547 313 1596; x_wconf 78' lang='lat' dir='ltr'>lenta</span> <span class='ocrx_word' id='word_1_91' title='bbox 326 1537 445 1597; x_wconf 81' lang='lat' dir='ltr'>fuerint.</span> <span class='ocrx_word' id='word_1_92' title='bbox 479 1498 631 1612; x_wconf 73' lang='lat' dir='ltr'>„Qudrtus</span> <span class='ocrx_word' id='word_1_93' title='bbox 643 1536 728 1611; x_wconf 90' lang='lat' dir='ltr'>liber,</span> <span class='ocrx_word' id='word_1_94' title='bbox 743 1557 808 1617; x_wconf 82' lang='lat' dir='ltr'>pag·</span> <span class='ocrx_word' id='word_1_95' title='bbox 822 1540 893 1602; x_wconf 81' lang='lat'><strong>293.</strong></span> <span class='ocrx_word' id='word_1_96' title='bbox 910 1537 942 1595; x_wconf 87' lang='grc' dir='ltr'>Ι).</span> <span class='ocrx_word' id='word_1_97' title='bbox 955 1536 1006 1612; x_wconf 88' lang='lat' dir='ltr'>ait,</span> <span class='ocrx_word' id='word_1_98' title='bbox 1028 1537 1153 1597; x_wconf 84' lang='lat' dir='ltr'>eximius</span> <span class='ocrx_word' id='word_1_99' title='bbox 1166 1547 1219 1614; x_wconf 88' lang='lat' dir='ltr'>est,</span> <span class='ocrx_word' id='word_1_100' title='bbox 1241 1539 1324 1617; x_wconf 85' lang='lat' dir='ltr'>quad</span> 
     </span>
     <span class='ocr_line' id='line_1_14' title="bbox 229 1621 1323 1703; baseline 0.004 -24"><span class='ocrx_word' id='word_1_101' title='bbox 229 1622 310 1702; x_wconf 88' lang='lat' dir='ltr'>piam</span> <span class='ocrx_word' id='word_1_102' title='bbox 337 1622 544 1699; x_wconf 79' lang='lat' dir='ltr'>cogitationem</span> <span class='ocrx_word' id='word_1_103' title='bbox 566 1621 751 1701; x_wconf 77' lang='lat' dir='ltr'>passionibus</span> <span class='ocrx_word' id='word_1_104' title='bbox 767 1622 949 1700; x_wconf 83' lang='lat' dir='ltr'>superiorem</span> <span class='ocrx_word' id='word_1_105' title='bbox 972 1640 1034 1679; x_wconf 88' lang='lat' dir='ltr'>esse</span> <span class='ocrx_word' id='word_1_106' title='bbox 1054 1622 1157 1697; x_wconf 87' lang='lat' dir='ltr'>docet,</span> <span class='ocrx_word' id='word_1_107' title='bbox 1184 1624 1323 1703; x_wconf 87' lang='lat' dir='ltr'>quodque</span> 
     </span>
     <span class='ocr_line' id='line_1_15' title="bbox 228 1706 1321 1783; baseline 0.002 -18"><span class='ocrx_word' id='word_1_108' title='bbox 228 1708 421 1767; x_wconf 76' lang='lat' dir='ltr'>certationem</span> <span class='ocrx_word' id='word_1_109' title='bbox 437 1706 594 1782; x_wconf 82' lang='lat' dir='ltr'>describit,</span> <span class='ocrx_word' id='word_1_110' title='bbox 617 1726 705 1783; x_wconf 90' lang='lat' dir='ltr'>quam</span> <span class='ocrx_word' id='word_1_111' title='bbox 724 1715 837 1783; x_wconf 82' lang='lat' dir='ltr'>septem</span> <span class='ocrx_word' id='word_1_112' title='bbox 853 1706 960 1763; x_wconf 79' lang='lat' dir='ltr'>fratres</span> <span class='ocrx_word' id='word_1_113' title='bbox 983 1724 1052 1763; x_wconf 91' lang='lat' dir='ltr'>cum</span> <span class='ocrx_word' id='word_1_114' title='bbox 1067 1714 1162 1764; x_wconf 88' lang='lat' dir='ltr'>matre</span> <span class='ocrx_word' id='word_1_115' title='bbox 1177 1707 1321 1767; x_wconf 82' lang='lat' dir='ltr'>exhause-</span> 
     </span>
     <span class='ocr_line' id='line_1_16' title="bbox 227 1788 1321 1871; baseline 0 -20"><span class='ocrx_word' id='word_1_116' title='bbox 227 1790 306 1868; x_wconf 88' lang='lat' dir='ltr'>rint,</span> <span class='ocrx_word' id='word_1_117' title='bbox 333 1791 519 1871; x_wconf 82' lang='lat' dir='ltr'>temporibus</span> <span class='ocrx_word' id='word_1_118' title='bbox 547 1790 689 1849; x_wconf 87' lang='lat' dir='ltr'>Ionathae</span> <span class='ocrx_word' id='word_1_119' title='bbox 715 1788 882 1846; x_wconf 87' lang='lat' dir='ltr'>Maccabaei</span> <span class='ocrx_word' id='word_1_120' title='bbox 905 1798 934 1846; x_wconf 92' lang='grc' dir='ltr'>ιι</span> <span class='ocrx_word' id='word_1_121' title='bbox 954 1788 1054 1847; x_wconf 81' lang='lat' dir='ltr'>fratris</span> <span class='ocrx_word' id='word_1_122' title='bbox 1077 1790 1213 1849; x_wconf 87' lang='lat' dir='ltr'>Simonis.</span> <span class='ocrx_word' id='word_1_123' title='bbox 1219 1795 1238 1825; x_wconf 87' lang='lat'>’&#39;</span> <span class='ocrx_word' id='word_1_124' title='bbox 1280 1792 1321 1851; x_wconf 89' lang='lat' dir='ltr'>Et</span> 
     </span>
     <span class='ocr_line' id='line_1_17' title="bbox 226 1872 1320 1974; baseline 0.003 -41"><span class='ocrx_word' id='word_1_125' title='bbox 226 1896 293 1971; x_wconf 72' lang='lat' dir='ltr'>pag,</span> <span class='ocrx_word' id='word_1_126' title='bbox 319 1882 391 1942; x_wconf 76' lang='lat'><strong>279.</strong></span> <span class='ocrx_word' id='word_1_127' title='bbox 413 1876 462 1931; x_wconf 88' lang='grc' dir='ltr'>Β..</span> <span class='ocrx_word' id='word_1_128' title='bbox 493 1872 686 1948; x_wconf 72' lang='lat' dir='ltr'>„Antiochus</span> <span class='ocrx_word' id='word_1_129' title='bbox 708 1872 878 1952; x_wconf 78' lang='lat' dir='ltr'>Epiphanes</span> <span class='ocrx_word' id='word_1_130' title='bbox 903 1872 1015 1951; x_wconf 83' lang='lat' dir='ltr'>ingenti</span> <span class='ocrx_word' id='word_1_131' title='bbox 1036 1883 1183 1953; x_wconf 86' lang='lat' dir='ltr'>apparatu</span> <span class='ocrx_word' id='word_1_132' title='bbox 1200 1875 1320 1974; x_wconf 82' lang='lat' dir='ltr'>bellico,</span> 
     </span>
     <span class='ocr_line' id='line_1_18' title="bbox 228 1957 1321 2046; baseline 0.001 -28"><span class='ocrx_word' id='word_1_133' title='bbox 228 1959 305 2037; x_wconf 86' lang='lat' dir='ltr'>agris</span> <span class='ocrx_word' id='word_1_134' title='bbox 319 1959 443 2021; x_wconf 82' lang='lat' dir='ltr'>vastatis</span> <span class='ocrx_word' id='word_1_135' title='bbox 458 1957 694 2037; x_wconf 83' lang='lat' dir='ltr'>Hierosolymam</span> <span class='ocrx_word' id='word_1_136' title='bbox 715 1977 868 2035; x_wconf 80' lang='lat' dir='ltr'>aggressus</span> <span class='ocrx_word' id='word_1_137' title='bbox 894 1967 940 2016; x_wconf 89' lang='lat' dir='ltr'>est</span> <span class='ocrx_word' id='word_1_138' title='bbox 957 1973 1035 2016; x_wconf 89' lang='lat' dir='ltr'>anno</span> <span class='ocrx_word' id='word_1_139' title='bbox 1051 1959 1112 2023; x_wconf 82' lang='lat'>143</span> <span class='ocrx_word' id='word_1_140' title='bbox 1126 1960 1210 2046; x_wconf 83' lang='lat' dir='ltr'>regni</span> <span class='ocrx_word' id='word_1_141' title='bbox 1225 1961 1321 2019; x_wconf 89' lang='lat' dir='ltr'>Grae-</span> 
     </span>
     <span class='ocr_line' id='line_1_19' title="bbox 222 2042 1317 2123; baseline 0.003 -21"><span class='ocrx_word' id='word_1_142' title='bbox 222 2064 347 2103; x_wconf 85' lang='lat' dir='ltr'>corum:</span> <span class='ocrx_word' id='word_1_143' title='bbox 374 2063 431 2122; x_wconf 93' lang='lat' dir='ltr'>quo</span> <span class='ocrx_word' id='word_1_144' title='bbox 446 2051 584 2123; x_wconf 85' lang='lat' dir='ltr'>tempore</span> <span class='ocrx_word' id='word_1_145' title='bbox 597 2052 627 2102; x_wconf 89' lang='lat' dir='ltr'>et</span> <span class='ocrx_word' id='word_1_146' title='bbox 642 2042 788 2101; x_wconf 82' lang='lat' dir='ltr'>Eleazaris</span> <span class='ocrx_word' id='word_1_147' title='bbox 804 2050 834 2101; x_wconf 89' lang='lat' dir='ltr'>et</span> <span class='ocrx_word' id='word_1_148' title='bbox 849 2051 961 2121; x_wconf 85' lang='lat' dir='ltr'>septem</span> <span class='ocrx_word' id='word_1_149' title='bbox 981 2062 1143 2121; x_wconf 88' lang='lat' dir='ltr'>puerorum</span> <span class='ocrx_word' id='word_1_150' title='bbox 1157 2064 1192 2103; x_wconf 89' lang='lat' dir='ltr'>ac</span> <span class='ocrx_word' id='word_1_151' title='bbox 1212 2045 1317 2105; x_wconf 90' lang='lat' dir='ltr'>matris</span> 
     </span>
     <span class='ocr_line' id='line_1_20' title="bbox 227 2125 1318 2207; baseline 0.002 -20"><span class='ocrx_word' id='word_1_152' title='bbox 227 2148 331 2187; x_wconf 88' lang='lat' dir='ltr'>eorum</span> <span class='ocrx_word' id='word_1_153' title='bbox 356 2128 531 2207; x_wconf 80' lang='lat' dir='ltr'>martyrium</span> <span class='ocrx_word' id='word_1_154' title='bbox 551 2126 689 2204; x_wconf 84' lang='lat' dir='ltr'>contigit,</span> <span class='ocrx_word' id='word_1_155' title='bbox 721 2126 766 2184; x_wconf 85' lang='lat' dir='ltr'>uti</span> <span class='ocrx_word' id='word_1_156' title='bbox 787 2125 820 2183; x_wconf 92' lang='lat' dir='ltr'>in</span> <span class='ocrx_word' id='word_1_157' title='bbox 842 2136 948 2205; x_wconf 79' lang='lat' dir='ltr'>quarto</span> <span class='ocrx_word' id='word_1_158' title='bbox 977 2128 1054 2185; x_wconf 88' lang='lat' dir='ltr'>libro</span> <span class='ocrx_word' id='word_1_159' title='bbox 1075 2126 1318 2189; x_wconf 80' lang='lat' dir='ltr'>Maccahaeorum</span> 
     </span>
     <span class='ocr_line' id='line_1_21' title="bbox 225 2210 1318 2290; baseline 0.001 -18"><span class='ocrx_word' id='word_1_160' title='bbox 225 2216 402 2272; x_wconf 53' lang='lat' dir='ltr'>narraturfl</span> <span class='ocrx_word' id='word_1_161' title='bbox 444 2213 511 2289; x_wconf 79' lang='lat' dir='ltr'>Peg.</span> <span class='ocrx_word' id='word_1_162' title='bbox 526 2216 598 2278; x_wconf 80' lang='lat'><strong>286.</strong></span> <span class='ocrx_word' id='word_1_163' title='bbox 615 2212 646 2269; x_wconf 89' lang='lat' dir='ltr'>C.</span> <span class='ocrx_word' id='word_1_164' title='bbox 663 2210 811 2285; x_wconf 82' lang='lat' dir='ltr'>„Eleazar</span> <span class='ocrx_word' id='word_1_165' title='bbox 825 2210 963 2288; x_wconf 85' lang='lat' dir='ltr'>magister</span> <span class='ocrx_word' id='word_1_166' title='bbox 976 2216 1161 2290; x_wconf 89' lang='lat' dir='ltr'>puerorum”</span> <span class='ocrx_word' id='word_1_167' title='bbox 1177 2214 1318 2273; x_wconf 87' lang='lat' dir='ltr'>nomina-</span> 
     </span>
     <span class='ocr_line' id='line_1_22' title="bbox 226 2294 1317 2377; baseline 0.002 -21"><span class='ocrx_word' id='word_1_168' title='bbox 226 2306 345 2373; x_wconf 83' lang='grc' dir='ltr'>ιιιι.-</span> <span class='ocrx_word' id='word_1_169' title='bbox 365 2296 446 2355; x_wconf 87' lang='lat' dir='ltr'>Haec</span> <span class='ocrx_word' id='word_1_170' title='bbox 461 2316 524 2355; x_wconf 89' lang='lat' dir='ltr'>eam</span> <span class='ocrx_word' id='word_1_171' title='bbox 539 2296 577 2353; x_wconf 94' lang='lat' dir='ltr'>oh</span> <span class='ocrx_word' id='word_1_172' title='bbox 593 2315 713 2354; x_wconf 90' lang='lat' dir='ltr'>causam</span> <span class='ocrx_word' id='word_1_173' title='bbox 728 2294 875 2353; x_wconf 84' lang='lat' dir='ltr'>enatanda</span> <span class='ocrx_word' id='word_1_174' title='bbox 890 2315 951 2354; x_wconf 90' lang='lat' dir='ltr'>esse</span> <span class='ocrx_word' id='word_1_175' title='bbox 965 2294 1081 2354; x_wconf 91' lang='lat' dir='ltr'>mihi</span> <span class='ocrx_word' id='word_1_176' title='bbox 1051 2316 1114 2354; x_wconf 80' lang='lat' dir='ltr'>visa</span> <span class='ocrx_word' id='word_1_177' title='bbox 1126 2307 1213 2374; x_wconf 88' lang='lat' dir='ltr'>sunt,</span> <span class='ocrx_word' id='word_1_178' title='bbox 1236 2300 1317 2377; x_wconf 91' lang='lat' dir='ltr'>quod</span> 
     </span>
     <span class='ocr_line' id='line_1_23' title="bbox 225 2343 1316 2462; baseline 0.003 -21"><span class='ocrx_word' id='word_1_179' title='bbox 225 2391 256 2441; x_wconf 87' lang='lat' dir='ltr'>et</span> <span class='ocrx_word' id='word_1_180' title='bbox 270 2391 369 2461; x_wconf 87' lang='lat' dir='ltr'>patres</span> <span class='ocrx_word' id='word_1_181' title='bbox 383 2379 569 2439; x_wconf 88' lang='lat' dir='ltr'>ecclesiastici</span> <span class='ocrx_word' id='word_1_182' title='bbox 585 2379 671 2438; x_wconf 87' lang='lat' dir='ltr'>latini</span> <span class='ocrx_word' id='word_1_183' title='bbox 692 2379 803 2438; x_wconf 90' lang='lat' dir='ltr'>librum</span> <span class='ocrx_word' id='word_1_184' title='bbox 819 2389 956 2457; x_wconf 84' lang='lat' dir='ltr'>quartum</span> <span class='ocrx_word' id='word_1_185' title='bbox 969 2343 1213 2441; x_wconf 68' lang='lat' dir='ltr'>Maccahaeorum</span> <span class='ocrx_word' id='word_1_186' title='bbox 1227 2384 1316 2462; x_wconf 87' lang='lat' dir='ltr'>plane</span> 
     </span>
     <span class='ocr_line' id='line_1_24' title="bbox 225 2464 1314 2544; baseline 0.003 -18"><span class='ocrx_word' id='word_1_187' title='bbox 225 2486 289 2526; x_wconf 87' lang='grc' dir='ltr'>ιιοιι</span> <span class='ocrx_word' id='word_1_188' title='bbox 307 2473 558 2541; x_wconf 86' lang='lat' dir='ltr'>commemorant,</span> <span class='ocrx_word' id='word_1_189' title='bbox 587 2474 617 2523; x_wconf 87' lang='lat' dir='ltr'>et</span> <span class='ocrx_word' id='word_1_190' title='bbox 630 2466 742 2542; x_wconf 86' lang='lat' dir='ltr'>graeci,</span> <span class='ocrx_word' id='word_1_191' title='bbox 764 2484 816 2542; x_wconf 87' lang='lat' dir='ltr'>qur</span> <span class='ocrx_word' id='word_1_192' title='bbox 807 2464 980 2524; x_wconf 84' lang='lat' dir='ltr'>interdum</span> <span class='ocrx_word' id='word_1_193' title='bbox 999 2466 1120 2544; x_wconf 88' lang='lat' dir='ltr'>quidem</span> <span class='ocrx_word' id='word_1_194' title='bbox 1132 2468 1314 2529; x_wconf 88' lang='lat' dir='ltr'>mentionem</span> 
     </span>
     <span class='ocr_line' id='line_1_25' title="bbox 222 2510 1314 2629; baseline 0.003 -20"><span class='ocrx_word' id='word_1_195' title='bbox 222 2550 293 2611; x_wconf 89' lang='lat' dir='ltr'>libri</span> <span class='ocrx_word' id='word_1_196' title='bbox 304 2550 452 2625; x_wconf 85' lang='lat' dir='ltr'>inserunt,</span> <span class='ocrx_word' id='word_1_197' title='bbox 474 2570 536 2609; x_wconf 91' lang='lat' dir='ltr'>non</span> <span class='ocrx_word' id='word_1_198' title='bbox 549 2510 689 2609; x_wconf 76' lang='lat' dir='ltr'>bccurate</span> <span class='ocrx_word' id='word_1_199' title='bbox 701 2549 889 2624; x_wconf 88' lang='lat' dir='ltr'>describunt,</span> <span class='ocrx_word' id='word_1_200' title='bbox 912 2569 988 2629; x_wconf 90' lang='lat' dir='ltr'>quae</span> <span class='ocrx_word' id='word_1_201' title='bbox 1001 2551 1034 2608; x_wconf 90' lang='lat' dir='ltr'>in</span> <span class='ocrx_word' id='word_1_202' title='bbox 1049 2570 1084 2609; x_wconf 88' lang='lat' dir='ltr'>eo</span> <span class='ocrx_word' id='word_1_203' title='bbox 1098 2561 1236 2611; x_wconf 87' lang='lat' dir='ltr'>contenta</span> <span class='ocrx_word' id='word_1_204' title='bbox 1249 2554 1314 2612; x_wconf 88' lang='grc' dir='ltr'>Ιιιι·</span> 
     </span>
     <span class='ocr_line' id='line_1_26' title="bbox 221 2634 1313 2715; baseline 0.003 -21"><span class='ocrx_word' id='word_1_205' title='bbox 221 2635 292 2695; x_wconf 87' lang='lat' dir='ltr'>rint.</span> <span class='ocrx_word' id='word_1_206' title='bbox 328 2636 388 2694; x_wconf 83' lang='lat' dir='ltr'>csr.</span> <span class='ocrx_word' id='word_1_207' title='bbox 404 2634 531 2693; x_wconf 88' lang='lat' dir='ltr'>Cotelier</span> <span class='ocrx_word' id='word_1_208' title='bbox 544 2634 577 2692; x_wconf 89' lang='lat' dir='ltr'>in</span> <span class='ocrx_word' id='word_1_209' title='bbox 592 2634 671 2693; x_wconf 91' lang='lat' dir='ltr'>notis</span> <span class='ocrx_word' id='word_1_210' title='bbox 686 2635 724 2692; x_wconf 88' lang='lat' dir='ltr'>ad</span> <span class='ocrx_word' id='word_1_211' title='bbox 738 2635 870 2692; x_wconf 82' lang='lat' dir='ltr'>Canones</span> <span class='ocrx_word' id='word_1_212' title='bbox 886 2635 1063 2712; x_wconf 87' lang='lat' dir='ltr'>apostolicos</span> <span class='ocrx_word' id='word_1_213' title='bbox 1075 2656 1141 2715; x_wconf 79' lang='lat' dir='ltr'>pag.</span> <span class='ocrx_word' id='word_1_214' title='bbox 1158 2642 1227 2702; x_wconf 77' lang='lat'><strong>117.</strong></span> <span class='ocrx_word' id='word_1_215' title='bbox 1242 2642 1313 2703; x_wconf 88' lang='grc'><strong>118.</strong></span> 
     </span>
     <span class='ocr_line' id='line_1_27' title="bbox 217 2717 1342 2800; baseline 0.004 -23"><span class='ocrx_word' id='word_1_216' title='bbox 217 2723 293 2787; x_wconf 87' lang='lat'><strong>338.</strong></span> <span class='ocrx_word' id='word_1_217' title='bbox 306 2750 348 2764; x_wconf 91' lang='lat'>-·</span> <span class='ocrx_word' id='word_1_218' title='bbox 364 2718 460 2797; x_wconf 85' lang='lat' dir='ltr'>Igitur</span> <span class='ocrx_word' id='word_1_219' title='bbox 470 2726 603 2799; x_wconf 87' lang='lat' dir='ltr'>tempore</span> <span class='ocrx_word' id='word_1_220' title='bbox 616 2717 775 2778; x_wconf 85' lang='lat' dir='ltr'>recentiori</span> <span class='ocrx_word' id='word_1_221' title='bbox 790 2719 840 2776; x_wconf 89' lang='lat' dir='ltr'>alii</span> <span class='ocrx_word' id='word_1_222' title='bbox 849 2717 939 2776; x_wconf 90' lang='lat' dir='ltr'>alium</span> <span class='ocrx_word' id='word_1_223' title='bbox 954 2718 1064 2778; x_wconf 90' lang='lat' dir='ltr'>librum</span> <span class='ocrx_word' id='word_1_224' title='bbox 1076 2721 1314 2800; x_wconf 86' lang='lat' dir='ltr'>manuscriptum</span> <span class='ocrx_word' id='word_1_225' title='bbox 1339 2747 1342 2753; x_wconf 65' lang='lat'><strong><em>¹</em></strong></span> 
     </span>
     <span class='ocr_line' id='line_1_28' title="bbox 220 2802 1313 2885; baseline 0.001 -22"><span class='ocrx_word' id='word_1_226' title='bbox 220 2804 252 2863; x_wconf 90' lang='lat' dir='ltr'>in</span> <span class='ocrx_word' id='word_1_227' title='bbox 267 2824 327 2882; x_wconf 91' lang='lat' dir='ltr'>quo</span> <span class='ocrx_word' id='word_1_228' title='bbox 343 2803 422 2863; x_wconf 87' lang='lat' dir='ltr'>forto</span> <span class='ocrx_word' id='word_1_229' title='bbox 437 2802 474 2861; x_wconf 92' lang='lat' dir='ltr'>de</span> <span class='ocrx_word' id='word_1_230' title='bbox 487 2802 669 2863; x_wconf 87' lang='lat' dir='ltr'>Maccahaeis</span> <span class='ocrx_word' id='word_1_231' title='bbox 683 2802 827 2883; x_wconf 87' lang='lat' dir='ltr'>quaedam</span> <span class='ocrx_word' id='word_1_232' title='bbox 844 2813 963 2862; x_wconf 90' lang='lat' dir='ltr'>narrata</span> <span class='ocrx_word' id='word_1_233' title='bbox 977 2812 1077 2879; x_wconf 87' lang='lat' dir='ltr'>erant,</span> <span class='ocrx_word' id='word_1_234' title='bbox 1097 2804 1207 2864; x_wconf 89' lang='lat' dir='ltr'>librum</span> <span class='ocrx_word' id='word_1_235' title='bbox 1221 2825 1313 2885; x_wconf 85' lang='lat' dir='ltr'>quar-</span> 
     </span>
     <span class='ocr_line' id='line_1_29' title="bbox 219 2887 1311 2968; baseline 0.001 -20"><span class='ocrx_word' id='word_1_236' title='bbox 219 2897 285 2948; x_wconf 89' lang='lat' dir='ltr'>tum</span> <span class='ocrx_word' id='word_1_237' title='bbox 298 2887 540 2948; x_wconf 88' lang='lat' dir='ltr'>Maccahaeorum</span> <span class='ocrx_word' id='word_1_238' title='bbox 557 2908 618 2946; x_wconf 89' lang='lat' dir='ltr'>esse</span> <span class='ocrx_word' id='word_1_239' title='bbox 633 2889 840 2964; x_wconf 86' lang='lat' dir='ltr'>coniecerunt,</span> <span class='ocrx_word' id='word_1_240' title='bbox 862 2888 910 2968; x_wconf 89' lang='lat' dir='ltr'>(ut</span> <span class='ocrx_word' id='word_1_241' title='bbox 922 2888 1023 2947; x_wconf 85' lang='lat' dir='ltr'>Sixtus</span> <span class='ocrx_word' id='word_1_242' title='bbox 1038 2889 1174 2948; x_wconf 85' lang='lat' dir='ltr'>Senensis</span> <span class='ocrx_word' id='word_1_243' title='bbox 1189 2890 1221 2948; x_wconf 90' lang='lat' dir='ltr'>in</span> <span class='ocrx_word' id='word_1_244' title='bbox 1238 2891 1311 2949; x_wconf 79' lang='lat' dir='ltr'>bibl</span> 
     </span>
     <span class='ocr_line' id='line_1_30' title="bbox 219 2933 1312 3053; baseline 0.004 -22"><span class='ocrx_word' id='word_1_245' title='bbox 219 2982 322 3033; x_wconf 86' lang='lat' dir='ltr'>sancta</span> <span class='ocrx_word' id='word_1_246' title='bbox 338 2972 406 3031; x_wconf 88' lang='lat' dir='ltr'>libr.</span> <span class='ocrx_word' id='word_1_247' title='bbox 421 2972 443 3029; x_wconf 96' lang='grc' dir='ltr'>Ι</span> <span class='ocrx_word' id='word_1_248' title='bbox 460 2992 526 3052; x_wconf 85' lang='lat' dir='ltr'>pag.</span> <span class='ocrx_word' id='word_1_249' title='bbox 544 2976 594 3039; x_wconf 87' lang='lat'>39.</span> <span class='ocrx_word' id='word_1_250' title='bbox 608 2972 761 3032; x_wconf 87' lang='lat' dir='ltr'>historiam</span> <span class='ocrx_word' id='word_1_251' title='bbox 778 2933 896 3031; x_wconf 86' lang='lat' dir='ltr'>loairnis</span> <span class='ocrx_word' id='word_1_252' title='bbox 908 2972 1059 3052; x_wconf 82' lang='lat' dir='ltr'>Hyrcani,</span> <span class='ocrx_word' id='word_1_253' title='bbox 1083 2993 1171 3053; x_wconf 89' lang='lat' dir='ltr'>quam</span> <span class='ocrx_word' id='word_1_254' title='bbox 1187 2976 1288 3035; x_wconf 86' lang='lat' dir='ltr'>sorte</span> <span class='ocrx_word' id='word_1_255' title='bbox 1278 2996 1312 3035; x_wconf 89' lang='grc' dir='ltr'>ιιι</span> 
     </span>
     <span class='ocr_line' id='line_1_31' title="bbox 218 3056 1312 3140; baseline 0.003 -23"><span class='ocrx_word' id='word_1_256' title='bbox 218 3056 404 3117; x_wconf 83' lang='lat' dir='ltr'>Bibliotheca</span> <span class='ocrx_word' id='word_1_257' title='bbox 421 3057 519 3117; x_wconf 83' lang='lat' dir='ltr'>Sentis</span> <span class='ocrx_word' id='word_1_258' title='bbox 535 3058 659 3136; x_wconf 86' lang='lat' dir='ltr'>Pagnini</span> <span class='ocrx_word' id='word_1_259' title='bbox 678 3078 782 3135; x_wconf 78' lang='lat' dir='ltr'>graece</span> <span class='ocrx_word' id='word_1_260' title='bbox 798 3059 1030 3138; x_wconf 82' lang='lat' dir='ltr'>manuscriptam</span> <span class='ocrx_word' id='word_1_261' title='bbox 1050 3057 1223 3140; x_wconf 87' lang='lat' dir='ltr'>repererat.)</span> <span class='ocrx_word' id='word_1_262' title='bbox 1264 3060 1312 3120; x_wconf 86' lang='lat' dir='ltr'>Ex</span> 
     </span>
     <span class='ocr_line' id='line_1_32' title="bbox 217 3138 1311 3227; baseline 0.005 -26"><span class='ocrx_word' id='word_1_263' title='bbox 217 3140 277 3201; x_wconf 88' lang='lat' dir='ltr'>hoc</span> <span class='ocrx_word' id='word_1_264' title='bbox 293 3151 391 3203; x_wconf 85' lang='lat' dir='ltr'>autem</span> <span class='ocrx_word' id='word_1_265' title='bbox 408 3142 476 3201; x_wconf 90' lang='lat' dir='ltr'>loco</span> <span class='ocrx_word' id='word_1_266' title='bbox 492 3142 644 3215; x_wconf 87' lang='lat' dir='ltr'>discimus,</span> <span class='ocrx_word' id='word_1_267' title='bbox 668 3143 788 3222; x_wconf 84' lang='lat' dir='ltr'>Georgii</span> <span class='ocrx_word' id='word_1_268' title='bbox 804 3152 937 3223; x_wconf 86' lang='lat' dir='ltr'>tempore</span> <span class='ocrx_word' id='word_1_269' title='bbox 948 3143 1059 3203; x_wconf 90' lang='lat' dir='ltr'>librum</span> <span class='ocrx_word' id='word_1_270' title='bbox 1071 3144 1159 3203; x_wconf 89' lang='lat' dir='ltr'>illum</span> <span class='ocrx_word' id='word_1_271' title='bbox 1170 3168 1226 3227; x_wconf 79' lang='grc' dir='ltr'>περ</span> <span class='ocrx_word' id='word_1_272' title='bbox 1228 3138 1297 3205; x_wconf 84' lang='lat' dir='ltr'>l</span> <span class='ocrx_word' id='word_1_273' title='bbox 1255 3167 1311 3207; x_wconf 86' lang='grc' dir='ltr'>αο-</span> 
     </span>
     <span class='ocr_line' id='line_1_33' title="bbox 217 3220 1310 3309; baseline 0.001 -21"><span class='ocrx_word' id='word_1_274' title='bbox 217 3220 397 3309; x_wconf 75' lang='grc' dir='ltr'>τοκριὶιορος</span> <span class='ocrx_word' id='word_1_275' title='bbox 415 3230 557 3307; x_wconf 77' lang='grc' dir='ltr'>λογισμοῦ</span> <span class='ocrx_word' id='word_1_276' title='bbox 577 3228 639 3287; x_wconf 86' lang='lat' dir='ltr'>sive</span> <span class='ocrx_word' id='word_1_277' title='bbox 661 3228 704 3302; x_wconf 82' lang='grc' dir='ltr'>εἰς</span> <span class='ocrx_word' id='word_1_278' title='bbox 725 3224 797 3303; x_wconf 70' lang='grc' dir='ltr'>τούς</span> <span class='ocrx_word' id='word_1_279' title='bbox 818 3229 1057 3307; x_wconf 79' lang='grc' dir='ltr'>Μοκιιοβοιίους,</span> <span class='ocrx_word' id='word_1_280' title='bbox 1086 3246 1173 3307; x_wconf 85' lang='lat' dir='ltr'>quem</span> <span class='ocrx_word' id='word_1_281' title='bbox 1193 3228 1310 3309; x_wconf 88' lang='lat' dir='ltr'>losephi</span> 
     </span>
     <span class='ocr_line' id='line_1_34' title="bbox 216 3312 1309 3412; baseline 0.002 -41"><span class='ocrx_word' id='word_1_282' title='bbox 216 3330 280 3371; x_wconf 87' lang='lat' dir='ltr'>esse</span> <span class='ocrx_word' id='word_1_283' title='bbox 293 3313 384 3389; x_wconf 80' lang='lat' dir='ltr'>vulgo</span> <span class='ocrx_word' id='word_1_284' title='bbox 397 3312 533 3386; x_wconf 87' lang='lat' dir='ltr'>credunt,</span> <span class='ocrx_word' id='word_1_285' title='bbox 552 3312 662 3371; x_wconf 88' lang='lat' dir='ltr'>librum</span> <span class='ocrx_word' id='word_1_286' title='bbox 677 3322 815 3391; x_wconf 85' lang='lat' dir='ltr'>quartum</span> <span class='ocrx_word' id='word_1_287' title='bbox 828 3313 1070 3372; x_wconf 86' lang='lat' dir='ltr'>Maccahaeorum</span> <span class='ocrx_word' id='word_1_288' title='bbox 1083 3323 1224 3373; x_wconf 88' lang='lat' dir='ltr'>vocatum</span> <span class='ocrx_word' id='word_1_289' title='bbox 1236 3334 1309 3412; x_wconf 68' lang='lat' dir='ltr'>esse,</span> 
     </span>
     <span class='ocr_line' id='line_1_35' title="bbox 216 3392 1309 3479; baseline 0.001 -24"><span class='ocrx_word' id='word_1_290' title='bbox 216 3395 268 3474; x_wconf 87' lang='lat' dir='ltr'>qui</span> <span class='ocrx_word' id='word_1_291' title='bbox 289 3395 381 3474; x_wconf 85' lang='lat' dir='ltr'>igitur</span> <span class='ocrx_word' id='word_1_292' title='bbox 396 3395 428 3453; x_wconf 93' lang='lat' dir='ltr'>in</span> <span class='ocrx_word' id='word_1_293' title='bbox 444 3395 573 3454; x_wconf 86' lang='lat' dir='ltr'>editione</span> <span class='ocrx_word' id='word_1_294' title='bbox 594 3399 655 3457; x_wconf 81' lang='grc' dir='ltr'>τοῖν</span> <span class='ocrx_word' id='word_1_295' title='bbox 678 3420 694 3458; x_wconf 96' lang='grc' dir='ltr'>ο</span> <span class='ocrx_word' id='word_1_296' title='bbox 694 3392 913 3475; x_wconf 83' lang='lat' dir='ltr'>‘Ilerwagiana</span> <span class='ocrx_word' id='word_1_297' title='bbox 936 3396 1078 3476; x_wconf 73' lang='lat' dir='ltr'>(basileae</span> <span class='ocrx_word' id='word_1_298' title='bbox 1099 3395 1194 3479; x_wconf 84' lang='grc'><strong>1545)</strong></span> <span class='ocrx_word' id='word_1_299' title='bbox 1216 3406 1247 3458; x_wconf 86' lang='lat' dir='ltr'>et</span> <span class='ocrx_word' id='word_1_300' title='bbox 1275 3399 1309 3457; x_wconf 88' lang='lat' dir='ltr'>iu</span> 
     </span>
     <span class='ocr_line' id='line_1_36' title="bbox 215 3478 1308 3563; baseline 0.003 -24"><span class='ocrx_word' id='word_1_301' title='bbox 215 3479 403 3539; x_wconf 78' lang='lat' dir='ltr'>wecheliana</span> <span class='ocrx_word' id='word_1_302' title='bbox 422 3478 735 3563; x_wconf 79' lang='lat' dir='ltr'>(F1·ancoiurti1597)</span> <span class='ocrx_word' id='word_1_303' title='bbox 755 3491 836 3541; x_wconf 87' lang='lat' dir='ltr'>recte</span> <span class='ocrx_word' id='word_1_304' title='bbox 855 3481 953 3539; x_wconf 89' lang='lat' dir='ltr'>trihus</span> <span class='ocrx_word' id='word_1_305' title='bbox 966 3480 1205 3541; x_wconf 87' lang='lat' dir='ltr'>Maccahaeorum</span> <span class='ocrx_word' id='word_1_306' title='bbox 1222 3482 1308 3542; x_wconf 85' lang='lat' dir='ltr'>lihris</span> 
     </span>
     <span class='ocr_line' id='line_1_37' title="bbox 216 3564 1308 3647; baseline 0.005 -23"><span class='ocrx_word' id='word_1_307' title='bbox 216 3565 334 3626; x_wconf 88' lang='lat' dir='ltr'>additus</span> <span class='ocrx_word' id='word_1_308' title='bbox 357 3573 417 3626; x_wconf 89' lang='lat' dir='ltr'>est:</span> <span class='ocrx_word' id='word_1_309' title='bbox 446 3584 506 3647; x_wconf 87' lang='lat' dir='ltr'>quo</span> <span class='ocrx_word' id='word_1_310' title='bbox 530 3565 597 3623; x_wconf 88' lang='lat' dir='ltr'>loco</span> <span class='ocrx_word' id='word_1_311' title='bbox 620 3564 653 3622; x_wconf 91' lang='lat' dir='ltr'>in</span> <span class='ocrx_word' id='word_1_312' title='bbox 674 3566 828 3625; x_wconf 90' lang='lat' dir='ltr'>nonnullis</span> <span class='ocrx_word' id='word_1_313' title='bbox 853 3584 972 3644; x_wconf 88' lang='lat' dir='ltr'>quoque</span> <span class='ocrx_word' id='word_1_314' title='bbox 991 3566 1077 3626; x_wconf 89' lang='lat' dir='ltr'>libris</span> <span class='ocrx_word' id='word_1_315' title='bbox 1096 3566 1308 3647; x_wconf 79' lang='lat' dir='ltr'>manuscriptis</span> 
     </span>
     <span class='ocr_line' id='line_1_38' title="bbox 214 3647 1307 3727; baseline 0.005 -22"><span class='ocrx_word' id='word_1_316' title='bbox 214 3647 332 3727; x_wconf 84' lang='lat' dir='ltr'>legitur.</span> <span class='ocrx_word' id='word_1_317' title='bbox 383 3648 443 3712; x_wconf 81' lang='lat' dir='ltr'>cfr.</span> <span class='ocrx_word' id='word_1_318' title='bbox 467 3648 592 3711; x_wconf 79' lang='lat' dir='ltr'>Calmeti</span> <span class='ocrx_word' id='word_1_319' title='bbox 612 3648 829 3715; x_wconf 79' lang='lat' dir='ltr'>Dictionarium</span> <span class='ocrx_word' id='word_1_320' title='bbox 852 3650 999 3711; x_wconf 90' lang='lat' dir='ltr'>Biblicum</span> <span class='ocrx_word' id='word_1_321' title='bbox 1027 3650 1061 3710; x_wconf 89' lang='lat' dir='ltr'>in</span> <span class='ocrx_word' id='word_1_322' title='bbox 1089 3668 1165 3711; x_wconf 87' lang='lat' dir='ltr'>voce</span> <span class='ocrx_word' id='word_1_323' title='bbox 1185 3651 1307 3711; x_wconf 87' lang='lat' dir='ltr'>Macca-</span> 
     </span>
     <span class='ocr_line' id='line_1_39' title="bbox 215 3731 364 3798; baseline 0.044 -9"><span class='ocrx_word' id='word_1_324' title='bbox 215 3731 364 3798; x_wconf 84' lang='lat' dir='ltr'>bacarum.</span> 
     </span>
    </p>
   </div>
   <div class='ocr_carea' id='block_1_5' title="bbox 213 3832 1305 4196">
    <p class='ocr_par' dir='ltr' id='par_1_5' title="bbox 213 3832 1305 4172">
     <span class='ocr_line' id='line_1_40' title="bbox 300 3832 1305 3918; baseline 0.005 -26"><span class='ocrx_word' id='word_1_325' title='bbox 300 3832 373 3893; x_wconf 86' lang='lat' dir='ltr'>Dein</span> <span class='ocrx_word' id='word_1_326' title='bbox 394 3835 524 3897; x_wconf 83' lang='lat' dir='ltr'>alienum</span> <span class='ocrx_word' id='word_1_327' title='bbox 545 3844 607 3913; x_wconf 87' lang='lat' dir='ltr'>est,</span> <span class='ocrx_word' id='word_1_328' title='bbox 634 3832 771 3913; x_wconf 84' lang='lat' dir='ltr'>quadra</span> <span class='ocrx_word' id='word_1_329' title='bbox 793 3834 960 3915; x_wconf 82' lang='lat' dir='ltr'>Georgiana</span> <span class='ocrx_word' id='word_1_330' title='bbox 980 3834 1223 3918; x_wconf 87' lang='lat' dir='ltr'>Chronographia</span> <span class='ocrx_word' id='word_1_331' title='bbox 1241 3855 1305 3897; x_wconf 91' lang='lat' dir='ltr'>non</span> 
     </span>
     <span class='ocr_line' id='line_1_41' title="bbox 215 3880 1302 4019; baseline 0.006 -45"><span class='ocrx_word' id='word_1_332' title='bbox 215 3916 304 3975; x_wconf 83' lang='lat' dir='ltr'>semel</span> <span class='ocrx_word' id='word_1_333' title='bbox 315 3918 436 3997; x_wconf 79' lang='lat' dir='ltr'>legitura</span> <span class='ocrx_word' id='word_1_334' title='bbox 457 3880 621 3998; x_wconf 80' lang='lat' dir='ltr'>„libroruin</span> <span class='ocrx_word' id='word_1_335' title='bbox 636 3919 859 3981; x_wconf 89' lang='lat' dir='ltr'>deMaccahaeis</span> <span class='ocrx_word' id='word_1_336' title='bbox 870 3933 1020 3986; x_wconf 86' lang='lat' dir='ltr'>auctorem</span> <span class='ocrx_word' id='word_1_337' title='bbox 1037 3944 1100 3983; x_wconf 85' lang='lat' dir='ltr'>esse</span> <span class='ocrx_word' id='word_1_338' title='bbox 1115 3920 1302 4019; x_wconf 80' lang='lat' dir='ltr'>losephum,”</span> 
     </span>
     <span class='ocr_line' id='line_1_42' title="bbox 214 4001 1303 4087; baseline 0.008 -29"><span class='ocrx_word' id='word_1_339' title='bbox 214 4020 362 4080; x_wconf 85' lang='lat' dir='ltr'>quumque</span> <span class='ocrx_word' id='word_1_340' title='bbox 374 4001 455 4063; x_wconf 87' lang='lat' dir='ltr'>hunc</span> <span class='ocrx_word' id='word_1_341' title='bbox 469 4004 630 4085; x_wconf 86' lang='lat' dir='ltr'>losephum</span> <span class='ocrx_word' id='word_1_342' title='bbox 644 4027 705 4065; x_wconf 90' lang='grc' dir='ltr'>ιιοιι</span> <span class='ocrx_word' id='word_1_343' title='bbox 721 4005 858 4087; x_wconf 89' lang='lat' dir='ltr'>pluribus</span> <span class='ocrx_word' id='word_1_344' title='bbox 876 4008 977 4067; x_wconf 82' lang='lat' dir='ltr'>verbis</span> <span class='ocrx_word' id='word_1_345' title='bbox 993 4008 1149 4079; x_wconf 83' lang='lat' dir='ltr'>describit,</span> <span class='ocrx_word' id='word_1_346' title='bbox 1172 4026 1225 4065; x_wconf 79' lang='lat'>00⁰</span> <span class='ocrx_word' id='word_1_347' title='bbox 1208 4005 1303 4085; x_wconf 85' lang='lat' dir='ltr'>itare</span> 
     </span>
     <span class='ocr_line' id='line_1_43' title="bbox 213 4084 1305 4196; baseline 0.008 -51"><span class='ocrx_word' id='word_1_348' title='bbox 213 4084 366 4161; x_wconf 87' lang='lat' dir='ltr'>debemus,</span> <span class='ocrx_word' id='word_1_349' title='bbox 387 4106 447 4147; x_wconf 88' lang='lat' dir='ltr'>esse</span> <span class='ocrx_word' id='word_1_350' title='bbox 467 4089 626 4196; x_wconf 88' lang='lat' dir='ltr'>Iosephum</span> <span class='ocrx_word' id='word_1_351' title='bbox 643 4088 829 4151; x_wconf 88' lang='lat' dir='ltr'>historicum.</span> <span class='ocrx_word' id='word_1_352' title='bbox 871 4092 938 4171; x_wconf 87' lang='lat' dir='ltr'>Pag.</span> <span class='ocrx_word' id='word_1_353' title='bbox 955 4092 1084 4159; x_wconf 75' lang='grc' dir='ltr'><strong>949.ιο</strong></span> <span class='ocrx_word' id='word_1_354' title='bbox 1111 4114 1148 4152; x_wconf 83' lang='grc' dir='ltr'>τοι</span> <span class='ocrx_word' id='word_1_355' title='bbox 1140 4086 1205 4152; x_wconf 71' lang='lat' dir='ltr'>dl</span> <span class='ocrx_word' id='word_1_356' title='bbox 1227 4086 1305 4195; x_wconf 63' lang='lat' dir='ltr'>paen</span> 
     </span>
    </p>
   </div>
   <div class='ocr_carea' id='block_1_6' title="bbox 212 4165 1303 4260">
    <p class='ocr_par' dir='ltr' id='par_1_6' title="bbox 212 4165 1303 4260">
     <span class='ocr_line' id='line_1_44' title="bbox 212 4165 1303 4260; baseline 0.006 -29"><span class='ocrx_word' id='word_1_357' title='bbox 212 4165 503 4250; x_wconf 63' lang='lat' dir='ltr'>sadraovpddam&#39;*</span> <span class='ocrx_word' id='word_1_358' title='bbox 481 4200 501 4255; x_wconf 80' lang='grc' dir='ltr'><em>η</em></span> <span class='ocrx_word' id='word_1_359' title='bbox 516 4171 741 4260; x_wconf 51' lang='lat' dir='ltr'>operatorem)</span> <span class='ocrx_word' id='word_1_360' title='bbox 758 4182 822 4251; x_wconf 79' lang='grc' dir='ltr'>τοῖς</span> <span class='ocrx_word' id='word_1_361' title='bbox 835 4170 1024 4251; x_wconf 71' lang='grc' dir='ltr'>Ἰοοδοιὶοις”</span> <span class='ocrx_word' id='word_1_362' title='bbox 1004 4200 1022 4240; x_wconf 94' lang='grc' dir='ltr'>ο</span> <span class='ocrx_word' id='word_1_363' title='bbox 1035 4170 1175 4253; x_wconf 63' lang='lat' dir='ltr'>losanae</span> <span class='ocrx_word' id='word_1_364' title='bbox 1193 4174 1227 4239; x_wconf 74' lang='grc' dir='ltr'>ιν</span> <span class='ocrx_word' id='word_1_365' title='bbox 1239 4182 1303 4251; x_wconf 82' lang='grc' dir='ltr'>τοῖς</span> 
     </span>
    </p>
   </div>
   <div class='ocr_carea' id='block_1_7' title="bbox 244 4334 1300 4482">
    <p class='ocr_par' dir='ltr' id='par_1_7' title="bbox 244 4334 1300 4482">
     <span class='ocr_line' id='line_1_45' title="bbox 244 4334 1300 4424; baseline 0.009 -37"><span class='ocrx_word' id='word_1_366' title='bbox 244 4334 293 4402; x_wconf 76' lang='lat'>27)</span> <span class='ocrx_word' id='word_1_367' title='bbox 309 4334 495 4391; x_wconf 82' lang='lat' dir='ltr'>lnsermturm</span> <span class='ocrx_word' id='word_1_368' title='bbox 512 4338 665 4393; x_wconf 83' lang='lat' dir='ltr'>editionibus</span> <span class='ocrx_word' id='word_1_369' title='bbox 680 4341 745 4395; x_wconf 82' lang='grc' dir='ltr'>Ιιοοο</span> <span class='ocrx_word' id='word_1_370' title='bbox 757 4342 852 4396; x_wconf 80' lang='lat' dir='ltr'>verba</span> <span class='ocrx_word' id='word_1_371' title='bbox 863 4338 1028 4424; x_wconf 69' lang='grc' dir='ltr'>πραχθέντα</span> <span class='ocrx_word' id='word_1_372' title='bbox 1040 4336 1158 4409; x_wconf 61' lang='lat' dir='ltr'>dass</span> <span class='ocrx_word' id='word_1_373' title='bbox 1166 4341 1300 4407; x_wconf 64' lang='lat' dir='ltr'>chelae</span> 
     </span>
     <span class='ocr_line' id='line_1_46' title="bbox 277 4360 1300 4482; baseline 0.007 -24"><span class='ocrx_word' id='word_1_374' title='bbox 277 4400 487 4474; x_wconf 72' lang='lat' dir='ltr'>capaciores</span> <span class='ocrx_word' id='word_1_375' title='bbox 501 4412 561 4472; x_wconf 75' lang='lat' dir='ltr'>raia</span> <span class='ocrx_word' id='word_1_376' title='bbox 575 4404 735 4474; x_wconf 71' lang='grc' dir='ltr'>Ἰουδαίοις·</span> <span class='ocrx_word' id='word_1_377' title='bbox 754 4427 830 4482; x_wconf 84' lang='lat' dir='ltr'>quae,</span> <span class='ocrx_word' id='word_1_378' title='bbox 845 4428 873 4465; x_wconf 95' lang='grc' dir='ltr'>ιιι</span> <span class='ocrx_word' id='word_1_379' title='bbox 863 4411 972 4473; x_wconf 78' lang='grc' dir='ltr'>’,ΙιΙΙοι</span> <span class='ocrx_word' id='word_1_380' title='bbox 984 4360 1157 4480; x_wconf 52' lang='lat' dir='ltr'>remansi</span> <span class='ocrx_word' id='word_1_381' title='bbox 1146 4416 1213 4464; x_wconf 86' lang='lat' dir='ltr'>aunt.</span> <span class='ocrx_word' id='word_1_382' title='bbox 1231 4410 1300 4465; x_wconf 81' lang='lat' dir='ltr'>Nam</span> 
     </span>
    </p>
   </div>
   <div class='ocr_carea' id='block_1_8' title="bbox 0 0 1560 4959">
    <p class='ocr_par' dir='ltr' id='par_1_8' title="bbox 0 0 1560 4959">
     <span class='ocr_line' id='line_1_47' title="bbox 0 0 1560 4959; baseline 0 10"><span class='ocrx_word' id='word_1_383' title='bbox 0 0 1560 4959; x_wconf 95' lang='lat' dir='ltr'> </span> 
     </span>
    </p>
   </div>
  </div>
 </body>
</html>
