3109 4959
520 432 580 501 ΕΤ
601 430 954 503 ANNOTATIONES.

236 599 287 662 11.
308 591 415 653 11ιᾶοη
430 612 494 674 cap.
510 596 558 660 12.
573 612 603 651 v.
620 590 669 658 14.
702 641 703 644 ,

237 685 287 746 12.
308 680 453 758 Sampson
469 698 535 758 cap.
554 683 602 744 16.
623 696 654 737 v.
669 679 723 743 81.

356 765 594 823 Servitutesscx.
1229 808 1231 814 .

158 856 161 863 '
237 851 265 913 1.
286 847 362 906 Ante
377 846 565 921 Otirouiclcm
583 846 717 906 iudicum
732 848 763 912 8.
784 862 816 905 v.
829 848 859 910 9.
882 843 1002 909 drrrauit
1014 865 1107 908 annos
1198 848 1200 851 ’
1276 888 1284 905 .

236 938 265 998 2.
286 932 369 991 inter
384 932 573 992 Othonietem
591 941 621 990 et
636 931 701 990 sod
720 929 785 993 iud.
800 935 830 996 3.
848 949 875 994 r.
895 932 943 996 14.
1275 977 1283 993 .

234 1018 264 1079 3.
285 1017 445 1076 inteerd
460 1027 490 1076 et
504 1018 596 1075 Barac
611 1016 675 1075 iud.
691 1015 721 1081 4.
740 1035 769 1073 v.
783 1018 813 1079 3.
1231 1022 1283 1082 20.
1320 1015 1323 1020 ’

234 1105 264 1164 4.
287 1100 473 1160 interuersa
489 1111 518 1160 ct
533 1102 698 1160 Gedeonesn
714 1100 776 1159 iud.
793 1105 823 1164 6.
839 1119 875 1160 v..
889 1103 917 1166 1.
1248 1106 1282 1165 7.

236 1186 264 1249 5,
286 1186 366 1245 inter
380 1187 440 1246 Iair
457 1196 486 1246 et
501 1185 623 1266 Iephthe
643 1185 706 1244 iud.
727 1190 774 1250 10.
797 1204 826 1243 v.
841 1188 871 1248 8.
1233 1187 1283 1249 18.

235 1275 264 1335 6.
285 1269 367 1330 Inter
381 1272 532 1331 Abdonem
548 1282 578 1330 ot
592 1274 762 1329 Samsonem
780 1269 844 1326 lud.
860 1266 909 1333 15.
924 1286 955 1326 v.
971 1272 999 1332 1·
1232 1269 1284 1332 40.

276 1357 398 1416 Summa
423 1355 562 1416 iudicum
593 1365 622 1416 et
656 1355 839 1414 Servitutum
874 1353 1102 1411 coniuncturum
1138 1371 1284 1412 annorum

192 1447 239 1498 ost
256 1439 329 1506 410

276 1525 331 1584 liis
347 1525 464 1586 Autiror
478 1524 609 1586 adnectit
625 1517 767 1604 α’ναργίας
781 1533 811 1582 et
824 1513 945 1603 εἰρήνης
958 1541 1051 1580 annos
1064 1520 1117 1587 40.
1133 1521 1185 1600 qui
1200 1524 1285 1602 prio-

192 1607 275 1668 ribus
294 1611 423 1692 appositi
444 1611 608 1670 conficiunt
624 1631 767 1669 suminam
784 1610 919 1668 iudicum
935 1618 1068 1688 temporo
1088 1608 1124 1666 ab
1139 1607 1286 1687 Apostolo

193 1694 261 1751 Act.
283 1698 330 1760 18.
356 1715 383 1756 v.
401 1701 448 1762 18.
464 1696 641 1776 assignatam
659 1694 910 1754 annosnimiruna
922 1694 994 1759 450.
1017 1689 1286 1774 iisdemqueprio·

193 1798 241 1838 res
261 1786 291 1838 et
303 1781 480 1886 posteriores
498 1781 570 1840 alias
585 1781 670 1841 nullo
689 1781 807 1855 negotio
822 1797 977 1875 possumus
991 1776 1195 1840 adnumerare

283 1860 413 1927 1111ιὰ
426 1860 633 1944 Ἀφρικανόν]
657 1865 703 1924 Ad
722 1865 788 1922 iioti
806 1864 935 1941 primum
954 1881 1064 1919 annum
1078 1871 1213 1921 numerat
1226 1861 1286 1922 Au-

193 1945 265 2008 thor
279 1951 450 2008 emendatus
468 1952 560 2016 4352.
576 1971 686 2024 annos,
709 1948 867 2008 Africanus
882 1947 975 2012 4292.
993 2004 995 2009 .
1011 1944 1058 2005 0b
1076 1945 1200 2006 omissos
1215 1948 1288 2006 cai-

193 2053 253 2092 nan
271 2033 397 2094 iunioris
409 2055 520 2109 asinos,
542 2035 640 2092 minor
656 2043 700 2092 cst
716 2033 851 2091 Africani
868 2051 1016 2101 numerus.
1060 2025 1106 2090 td
1122 2031 1288 2098 4291111.

194 2137 251 2196 quc
265 2118 379 2178 debitos
393 2120 504 2178 Cainan
522 2123 591 2186 130.
605 2140 698 2177 annos
714 2118 827 2191 adiice,
849 2117 901 2174 fiet
916 2137 1030 2175 summa
1046 2116 1138 2181 4422.
1152 2117 1285 2176 alteram

195 2203 314 2280 Georgii
330 2210 380 2271 70.
397 2205 541 2264 excedens
559 2204 653 2264 annis.
689 2205 729 2261 Ut
742 2203 875 2280 aequalis
887 2201 956 2276 fiat,
979 2199 1100 2259 detrahe
1115 2205 1167 2266 20.
1182 2221 1285 2276 annos,

195 2306 270 2364 quos
284 2308 374 2368 supra
391 2290 483 2358 2242.
501 2289 608 2349 diluvii
626 2280 764 2346 videlicut
777 2297 912 2366 tempus,
934 2285 1109 2344 numerabat
1127 2285 1288 2345 Africanus

196 2390 234 2430 ex
255 2392 321 2450 pag.
338 2376 441 2440 83.·C.
467 2383 496 2433 et
521 2375 609 2433 aliis:
631 2375 715 2432 deme
729 2392 834 2431 rursus
852 2371 1007 2430 duodecim
1021 2391 1113 2428 annos
1130 2371 1289 2431 Saniorum
1407 2443 1410 2448 .

195 2457 399 2533 praefecturae
413 2479 502 2538 supra
517 2463 565 2524 18.
580 2481 597 2518 a
612 2458 739 2535 Georgia
755 2475 925 2530 concessos,
947 2455 1020 2514 alios
1036 2475 1141 2516 rursus
1156 2455 1288 2534 triginta,

196 2539 281 2598 Pacis
296 2541 435 2599 Africano
449 2545 564 2619 dictos,
587 2565 676 2621 supra
694 2545 743 2608 40.
766 2541 930 2618 interregni
945 2541 1026 2616 totle,
1049 2561 1084 2598 ac
1097 2539 1216 2598 domum
1233 2543 1289 2599 Sa·

195 2642 296 2700 megar
310 2625 484 2700 attributos
506 2637 542 2686 ut
557 2628 708 2705 suspicor
730 2635 798 2684 octo
815 2645 926 2682 annos·
949 2625 986 2682 ad
1002 2623 1194 2683 concordiam
1208 2635 1291 2683 utor-

197 2727 254 2787 que
274 2709 361 2774 facilc
380 2671 576 2772 revocibitur.
619 2713 758 2786 samegar
775 2730 868 2789 porro
886 2709 1010 2787 proprio
1032 2708 1086 2765 sibi
1105 2716 1239 2788 temporo
1260 2717 1291 2768 ot

195 2814 213 2850 a
228 2793 348 2869 reliquis
361 2805 497 2873 separato
512 2795 656 2900 Rempub.
670 2794 908 2867 administrasse,
919 2801 1004 2851 testo
1018 2791 1167 2869 Androm,
1187 2793 1291 2899 posuit
1314 2807 1316 2811 '

194 2875 246 2936 hic
268 2877 436 2938 Africanus.
467 2904 484 2942 ο
477 2877 538 2941 ‘di
558 2875 737 2982 Ἀφρικανός
755 2875 809 2941 ιὸν
828 2872 962 2977 Σεμεγᾶιι
978 2875 1056 2959 λέγει
1069 2882 1215 2957 κρατῆσαι
1235 2873 1290 2941 τὸν

82 3023 87 3036 ,
191 2953 315 3042 Ἰσραήλ,
335 2967 391 3042 τῆς
406 2967 526 3045 γραφῆς
542 2959 599 3025 otiu
615 2957 757 3042 εἰπούσης
773 2985 828 3025 ιον
844 2956 961 3042 χρόνον.
984 2963 1160 3040 Quanquam
1180 2962 1289 3023 dubius

193 3045 251 3104 sian
265 3067 359 3106 unum
373 3069 485 3107 ιιιιιιιιιιι
506 3049 653 3107 duntaxat
669 3048 705 3105 ab
722 3048 862 3108 Africano
881 3049 1018 3125 Samogar
1035 3047 1229 3111 attributum.
1251 3047 1290 3106 de

196 3131 267 3187 anni
283 3132 392 3190 etenim
407 3134 496 3192 unius
512 3154 632 3196 excessu
647 3133 791 3212 loquutus
805 3132 858 3192 hic
871 3130 988 3191 Autlsor
1002 3127 1130 3191 subdit“
1114 3155 1185 3212 aurp
1198 3129 1289 3213 (ἕως)
1337 3157 1339 3160 ·

193 3206 415 3292 Ἀφρικιινός
387 3240 438 3279 τον
458 3214 597 3315 Zopsyoiq
617 3216 694 3299 λέγει
708 3222 854 3299 κρατῆσαι
868 3212 919 3279 τὸν
930 3211 1056 3296 Ἰσραήλ
1098 3217 1197 3276 'sextu
1217 3238 1290 3276 cor·
1351 3257 1357 3279 .

196 3307 304 3378 rupto,
326 3319 373 3358 res
387 3301 460 3359 indu
477 3312 575 3360 inauret
589 3303 711 3364 incerta
741 3302 896 3362 Videndus
913 3300 1030 3361 Autlror
1049 3320 1115 3380 pag.
1131 3300 1200 3368 154.
1219 3301 1250 3360 C.
1352 3374 1354 3379 Α

282 3379 368 3445 Kurd
388 3379 454 3447 uide
475 3409 508 3448 το
530 3381 751 3467 γρονογρᾶιριον
775 3382 891 3470 droti]
921 3385 964 3442 itu
980 3387 1151 3445 cisiondatae
1169 3395 1290 3460 nostrae

195 3466 329 3539 tabulae,
351 3468 538 3536 aliae4850.
567 3471 829 3530 demonstrantes
850 3467 998 3545 Autisoro,
1019 3469 1197 3530 haoeadem
1220 3491 1289 3551 pag.

194 3552 324 3612 literaB.
317 3555 389 3632 .qui
406 3548 549 3634 ἆναργίιις
566 3557 692 3635 spatium
713 3557 806 3622 4810.
824 3553 946 3613 inchoat
967 3575 1032 3635 pag.
1050 3558 1122 3622 114.
1141 3556 1178 3618 Β.
1195 3557 1291 3616 adeo

196 3656 254 3717 que
267 3636 355 3696 finem
370 3640 463 3706 4349.
476 3650 506 3698 et
519 3641 587 3699 Heli
604 3639 786 3720 principium
801 3642 893 3707 4350.
908 3641 1022 3698 statuit.
1043 3640 1175 3701 Duorum
1192 3661 1291 3700 anno-

194 3742 263 3781 rum
280 3723 442 3802 deliquium
458 3745 496 3784 ex
509 3722 592 3784 Iair
584 3725 709 3805 imperio
727 3725 799 3786 solis
813 3730 864 3794 20.
879 3725 965 3784 anuis
982 3726 1213 3808 circumscripto
1226 3726 1292 3785 ori·

195 3815 260 3866 tur:
282 3807 320 3866 de
337 3818 481 3886 quonota
500 3810 672 3911 pequltima.
711 3825 712 3830 ’
763 3849 764 3852 =

220 3923 221 3926 ¹
281 3893 349 3968 Peg·-
369 3897 439 3958 177
462 3887 603 3970 Σιλούιος
624 3891 767 3975 Αἰνείου]
797 3846 944 3955 Eureiaius
961 3893 1000 3954 ad
1025 3911 1137 3955 annum
1157 3892 1294 3955 Abrahae

196 3976 268 4040 870.
289 3977 446 4036 Ascanius
467 3980 584 4038 Iulium
595 3981 703 4058 filium
720 3977 911 4058 procrearit:
932 4002 955 4039 ιι
971 4001 1031 4079 quo
1045 3980 1179 4059 familia
1194 3979 1293 4039 Iulio·

197 4077 268 4115 rum
289 4072 365 4123 οι·.1ιι
392 4065 453 4122 Et
472 4076 598 4163 propter
621 4074 748 4122 aetutem
761 4066 928 4144 parsuli,
934 4069 1011 4146 quia
1031 4063 1158 4123 arcadum
1174 4063 1341 4130 aititur.
1352 4071 1385 4132 61

196 4141 334 4220 regendis
344 4144 473 4208 idoneus
487 4143 568 4227 rr'ot,
590 4151 727 4211 Srluium
741 4150 945 4209 Parthumum
951 4152 1089 4228 fratrem
1100 4169 1192 4207 suum
1206 4151 1293 4228 regni

197 4227 324 4305 reliquit
335 4229 499 4293 haeredem
528 4198 568 4294 Ei
587 4213 677 4296 irisra.
706 4236 828 4312 Sylvius
841 4235 1030 4295 Ροιιίιιιιιιιιι
1044 4237 1119 4313 quia
1127 4243 1201 4312 post
1213 4254 1293 4293 mor

197 4323 257 4371 tem
268 4316 374 4392 putris
390 4315 505 4395 edituo,
525 4341 593 4387 rurs
588 4322 710 4397 suerat
721 4298 883 4396 educatus,
906 4330 934 4377 et
948 4319 1048 4391 Sylvii
1059 4318 1225 4379 I’uetlrumi
1238 4341 1291 4378 uo·

197 4418 264 4458 meu
278 4402 410 4478 accepit.-
430 4422 452 4460 u
466 4425 526 4482 quo
541 4423 641 4464 οιιιιιιι
654 4404 700 4464 Al
687 4405 851 4464 thanorum
870 4423 954 4484 reges
974 4404 1074 4483 Sylvii
1091 4407 1194 4466 vocati
1207 4415 1290 4465 ιιιιιι.
