3109 4959
543 470 602 535 ΕΤ
623 464 973 536 ANNOTATIONES.
1226 456 1299 531 489

218 646 292 688 rese.
334 626 372 686 Et
392 624 429 685 de
450 645 572 686 mcessu
594 625 713 705 quidem
728 625 759 684 in
776 623 851 684 luda
863 643 965 701 regum
980 622 1165 704 temporibus
1186 624 1301 684 exobe-

218 718 303 770 rante
324 732 361 769 ex
383 710 659 790 supramemoratis
680 709 764 770 nulla
787 709 966 786 relinquitur
988 710 1152 771 dubitatioa
1176 711 1300 769 alterius

220 795 433 854 Chaldaeorum
445 815 545 872 regum
558 802 731 873 computum
746 794 905 852 inficientis
920 792 1017 851 facilis
1034 794 1244 854 demonstratio
1261 793 1301 854 ad

200 899 284 958 ¹prag.
306 883 377 945 208.
402 888 432 937 et
452 886 522 946 209.
543 879 721 958 scriptorum
742 880 881 937 memori:
909 878 1043 950 Quatuor
1057 877 1196 936 videlicet
1214 881 1302 938 annis

219 984 302 1023 aerae
314 963 801 1024 Nabonasaroeae·Ecclesiasticum
816 964 964 1019 Cononem
980 961 1105 1019 alterum
1119 964 1303 1022 Astronomis

219 1049 360 1106 usitatum
376 1068 523 1128 superare.
566 1052 623 1106 Sex
639 1059 735 1106 antem
759 1048 881 1125 integris
895 1046 979 1104 Nabii
994 1046 1081 1104 aetati
1095 1045 1252 1118 detractis,
1272 1057 1303 1106 et
1381 1077 1386 1088 ·

219 1151 280 1191 uno
301 1133 482 1191 Nabonasari
504 1134 588 1190 annis
609 1141 677 1190 ante
694 1131 969 1192 Nabuchodonosor
991 1138 1191 1210 tempestatem
1213 1131 1303 1190 resti·
1360 1141 1369 1164 ⁹

218 1225 304 1291 tuto,
325 1225 355 1274 et
373 1237 475 1275 rursus
498 1217 555 1274 alio
579 1216 735 1290 Artabani,
758 1217 843 1276 cuius
866 1217 898 1273 in
922 1216 1040 1273 Curione
1060 1235 1122 1273 non
1135 1215 1170 1273 ttt
1182 1217 1303 1290 mentio,

220 1299 257 1358 de
275 1319 334 1377 qim
355 1320 419 1396 pag.
438 1301 508 1366 251,
529 1301 616 1358 aetati
634 1310 800 1374 reservato,
820 1300 985 1358 desiderata
1001 1308 1156 1379 reparatur
1174 1299 1304 1378 aequali-

219 1393 278 1442 tas:
301 1383 346 1441 sin
364 1386 460 1443 minus
472 1385 648 1464 apponitur,
672 1394 791 1443 constat
805 1385 884 1442 unde
899 1385 1029 1463 quinque
1045 1403 1189 1442 annorum
1204 1393 1305 1442 tumor

220 1469 252 1526 in
272 1467 546 1528 Nabuchodonosor
565 1479 658 1527 aetate
682 1471 796 1548 ceperit
820 1468 1047 1533 incrementum.
1089 1468 1314 1528 Anienadrertit·

220 1553 369 1612 Librarius
385 1563 415 1612 et
433 1573 465 1612 m
468 1554 556 1612 orins
577 1574 641 1632 pag.
660 1557 731 1618 231
746 1563 780 1613 ut
796 1573 879 1653 pirus
892 1571 959 1632 pag
975 1557 1047 1618 216.
1064 1562 1095 1612 et
1106 1559 1177 1620 217
1200 1554 1306 1614 scribit

219 1637 252 1696 in
265 1638 408 1742 margine.
444 1634 519 1699 sard
540 1662 572 1699 ro
568 1635 787 1741 ποροαλραμόν
813 1631 936 1714 σφάλμα
952 1640 1014 1698 reio
1032 1632 1242 1739 καλλιγραφυυ
1263 1638 1306 1711 είς

219 1717 289 1792 rode
303 1725 365 1781 τοῖν
376 1721 520 1800 βασιλέων
532 1717 671 1799 χρόνους,
696 1719 770 1780 ίίλλα
785 1719 910 1797 τέσσαρα
923 1720 973 1797 ἔτη
984 1717 1164 1799 προσθήκην
1180 1723 1222 1792 είς
1236 1744 1307 1792 τους

223 1805 391 1876 Χαλδαίους
418 1803 637 1882 εὑρίσκονται
629 1805 686 1881 seh
687 1826 758 1865 ιενα.
810 1803 856 1861 Ob
877 1802 1092 1861 Libroriorum
1113 1807 1307 1860 oscitaorta'om

220 1887 265 1946 ιαί
280 1886 499 1946 Claudianorum
511 1909 616 1968 regum
631 1909 743 1963 enisos,
766 1898 900 1966 quatuor·
913 1888 1080 1966 superfluos
1099 1889 1222 1966 rqreiiea
1240 1887 1306 1944 αιί-

221 1970 313 2050 ditos.¹
352 1973 484 2032 Placeret
501 1969 719 2050 calligraphus,
743 1992 801 2030 non
816 1972 992 2050 Georgium,
1013 1971 1123 2030 erroris
1142 1981 1203 2030 tarn
1226 1972 1306 2031 soeili

220 2077 288 2116 reos
309 2076 412 2134 agere,
439 2058 587 2136 placeret,
614 2058 752 2134 inquam,
780 2058 901 2114 onrrrino
916 2056 1115 2115 ‹coniecturse
1142 2056 1306 2131 clementia,
1335 2051 1339 2058 ’

220 2150 250 2200 et
262 2142 470 2220 interpretatio
493 2142 679 2220 paralogismi
694 2161 882 2219 summopere
894 2142 1010 2215 suavis,
1032 2141 1057 2199 si
1076 2161 1190 2218 quaqua
1204 2161 1307 2200 versus

219 2227 372 2306 perpensis
386 2225 599 2284 Chaldaeorum
622 2227 789 2306 principum
805 2226 890 2284 annis
904 2227 1011 2283 erroris
1030 2226 1111 2302 origo
1124 2245 1185 2283 non
1205 2228 1306 2284 statim

220 2312 252 2368 in
272 2311 338 2389 ipso
361 2309 487 2386 Georgia
507 2310 706 2388 reperiretur,
707 2355 710 2364 .
727 2311 779 2388 qui
799 2318 864 2366 tum
879 2309 999 2388 scriptis
1018 2309 1210 2368 inemendatis
1225 2330 1306 2384 usus,

218 2402 285 2451 tum
302 2393 465 2452 dormitans
480 2394 638 2470 nonnihil,
659 2405 687 2453 et
705 2415 811 2473 piarum
828 2394 883 2452 sibi
900 2394 1058 2473 prouidus,
1080 2415 1226 2453 annorum
1244 2395 1308 2453 cal-

221 2480 320 2554 culos,
342 2479 492 2538 nondum
489 2499 581 2584 opere
594 2480 715 2559 proprio
733 2479 898 2553 recensito,
921 2480 1061 2538 contusos
1079 2479 1164 2538 nobis
1175 2479 1306 2557 reliquit.

302 2557 521 2636 Ἀλουσαςὸὲ
503 2589 519 2626 ο
537 2561 634 2643 πατήρ
650 2560 705 2625 oda
707 2563 768 2644 od]
785 2563 840 2621 llis
855 2523 971 2620 Erisebii
982 2563 1077 2620 scatio
1060 2563 1167 2639 gerlani
1181 2584 1246 2641 pag.
1228 2564 1308 2627 10.

219 2647 402 2726 reperiendis
417 2648 523 2707 titulus
538 2649 717 2728 praeligitur.
761 2648 843 2709 ἐν.
806 2672 859 2725 της
872 2649 971 2726 τρίτης
984 2651 1047 2708 τοῖο
1060 2649 1239 2708 Χαλδαϊκῶν
1251 2651 1308 2723 Bp·

150 2746 155 2789 ῑ
221 2736 341 2810 enodari
355 2735 549 2812 Βαβυλωνίου
566 2732 665 2812 lenior
682 2727 784 2807 Βήλου
805 2733 952 2810 pluraque
967 2730 1083 2808 Georgii
1100 2732 1195 2789 textui
1211 2740 1309 2787 assuta

220 2816 293 2875 fient
310 2817 518 2896 obviamapud
535 2816 756 2896 losephumlib.
774 2821 823 2881 10.
837 2835 904 2896 cap.
928 2820 977 2882 11.
998 2815 1329 2898 etapudlluesebium'

222 2899 258 2958 de
276 2903 409 2980 Praepar.
422 2903 532 2978 Evang.
547 2901 598 2960 lib.
616 2907 645 2968 9.
660 2921 725 2981 cap.
740 2902 790 2966 40.

305 2985 371 3060 Peg
389 2991 460 3051 221.
475 2985 641 3072 Areatas*
624 3009 681 3048 eree
694 2990 749 3064 τῆς
762 2979 962 3068 βασίλειος
921 3008 1026 3058 αυτου,
1040 3008 1072 3048 ε
1087 2984 1144 3047 l'tsa
1156 2979 1309 3062 Ἰυακείμλ
1338 2991 1341 2997 ’

221 3065 331 3125 Ineunt
350 3069 449 3145 itaque
471 3070 559 3128 simul
581 3080 611 3128 et
628 3069 743 3150 prirrms
762 3069 1037 3128 Nabuchodonosor
1050 3089 1146 3127 annm
1160 3080 1189 3126 et
1202 3070 1310 3125 loacina

222 3159 362 3228 quartus,
384 3161 414 3209 et
435 3171 473 3210 cx
494 3154 671 3213 correctiore
684 3153 827 3213 Authoris
849 3164 989 3248 computo
1011 3153 1044 3210 in
1064 3171 1198 3210 annum
1191 3151 1227 3208 ab
1241 3151 1311 3210 orbe

222 3234 344 3294 condito
359 3235 451 3300 4883.
468 3235 553 3293 debet
564 3246 696 3314 uterque,
712 3246 804 3314 prout
816 3239 981 3314 superiores
994 3245 1082 3295 notae
1096 3236 1310 3312 demonstrant,

222 3319 401 3379 convenire:
430 3319 500 3380 exin
516 3340 586 3378 vcro
610 3323 647 3377 ad
669 3320 740 3397 Cyri
763 3320 909 3398 primum,
933 3320 990 3416 qui¹
1002 3320 1108 3379 mundi
1124 3323 1217 3388 4052.
1239 3321 1311 3379 antri

222 3405 405 3486 captivitatis
419 3404 602 3485 septuaginta
618 3404 850 3466 interlabuntur.
894 3404 963 3463 Sive
981 3404 1071 3483 igitur
1084 3405 1310 3465 aNabuclrodo-

221 3511 313 3551 nosor
327 3490 434 3570 primo,
456 3488 519 3549 sire
531 3510 547 3546 a
559 3489 670 3548 loacim
686 3498 789 3568 quarto
803 3489 1003 3569 captivitatem
1015 3490 1166 3550 Iudaicam
1180 3512 1235 3571 per
1251 3511 1307 3549 on-

221 3595 277 3635 uos
298 3576 485 3674 septuaginta
505 3575 648 3649 deducas,
673 3573 790 3654 privata
812 3575 982 3654 principum
1002 3570 1136 3656 temporo
1159 3577 1197 3635 ad
1214 3585 1307 3635 totana

221 3679 260 3720 ex
279 3661 321 3720 eia
341 3680 484 3720 summam
505 3661 659 3719 collectam
682 3678 831 3720 summum
853 3659 961 3718 debent
978 3679 1095 3720 serrare
1115 3679 1306 3719 consensuros

222 3743 303 3822 quod
318 3766 356 3803 an
371 3744 421 3803 hic
435 3764 579 3824 exaequo
595 3754 624 3803 et
635 3744 713 3802 bono
726 3743 879 3824 coritingot
891 3745 1053 3824 impensius
1067 3745 1307 3804 examinandum.

222 3828 249 3884 at
264 3837 369 3904 quarto
383 3828 493 3888 Ioacim
512 3850 590 3890 asino
605 3837 811 3908 septuagenam
831 3828 1007 3888 ludaeorum
1020 3830 1216 3889 calamitatem
1231 3848 1307 3887 con·

222 3908 288 3968 ficit
307 3912 428 3972 duthor
446 3913 505 3971 hoc
525 3922 624 3994 pacto.
665 3912 809 3972 Nurnerat
833 3913 886 3971 illa
908 3913 941 3973 in
961 3915 1072 3973 loacim
1098 3923 1192 3973 aetate
1213 3932 1307 3971 annos

223 4004 310 4052 octo:
330 3995 363 4052 in
386 3996 516 4067 loachim
539 3998 601 4057 sira
622 3997 776 4058 lechoniae
797 3998 892 4056 tribus
909 3999 1057 4058 mensibus
1073 4017 1185 4057 annum
1199 4016 1307 4056 unum:
1324 4003 1356 4062 P.
1366 4007 1400 4065 61

222 4079 255 4137 in
270 4078 407 4137 Sedeciao
419 4089 559 4160 tempore,
578 4082 728 4142 undecim:
751 4105 768 4140 a
781 4082 1057 4144 Nabuchodonosor
1072 4101 1151 4141 anno
1162 4080 1244 4158 regni
1260 4086 1309 4147 19.

223 4162 459 4240 Hierosolymam
481 4175 643 4242 evertente,
672 4177 799 4264 quatuor
818 4177 848 4226 et
869 4168 994 4266 viginti·
1021 4164 1309 4242 Eviladbterodach,

224 4249 373 4328 quinque:
395 4245 579 4328 Nirigleaari‚
600 4259 677 4310 tres:
699 4261 729 4309 et
747 4254 781 4310 in
802 4252 921 4329 Astyag
913 4273 937 4310 rs
961 4250 1104 4310 demum
1094 4249 1237 4328 irnperio,
1258 4269 1308 4309 se·

223 4330 418 4431 ptsmdecinrs
444 4331 545 4390 addito
569 4327 638 4410 (lysi
660 4335 756 4412 primo
781 4337 956 4413 cunctisque
977 4333 1111 4393 collectis
1126 4332 1310 4410 haeredibus,

224 4439 294 4477 anrn
286 4417 487 4496 colliguntur
505 4417 704 4498 septuaginta:
734 4420 830 4497 Ducat
851 4420 967 4479 huthor
980 4438 1172 4480 numerorum
1189 4420 1309 4481 initium
