3109 4959
254 420 332 496 440
626 427 973 523 snannarmnas

254 585 312 683 5⁸!
333 583 478 662 obtinuit3
498 581 645 664 Aegialiae
657 585 771 664 regioni
788 583 987 666 Peloponnesi
1001 603 1110 645 nomen
1122 584 1250 663 indidit,
1269 608 1343 666 pro-

252 669 395 751 priaeque
409 630 616 750 Pelopidarum
633 671 801 750 posteritati
814 667 1013 750 Peloponnesi
1026 669 1092 728 loca
1106 672 1242 731 victoriis
1257 683 1344 752 parta

252 755 377 835 reliquit
390 755 577 834 possidenda.

336 840 403 916 Pag
426 837 783 917 transmontana
797 833 842 900 ιιι
844 835 864 917 ]
885 836 912 896 A
926 821 1010 913 regni
1001 833 1199 914 Argivorum
1211 839 1344 918 primor-

253 921 329 998 diis,
352 923 389 980 ad
406 921 516 982 Acrisii
535 933 719 1003 postremum
740 943 852 980 annum
873 921 1050 1002 quibusdam
1069 923 1144 987 575.
1164 943 1256 983 annos
1278 945 1344 982 nu·-

251 1005 433 1066 rnerantibus
448 1026 486 1065 ox
506 1026 603 1086 nuper
623 1006 727 1082 dictis,
750 1005 870 1066 Author
893 1005 982 1066 tertia
998 1014 1072 1064 nota
1095 1007 1248 1085 superiore
1265 1007 1343 1066 cita-

251 1098 302 1148 tus
325 1092 396 1157 551.
417 1090 564 1152 duntaxat
581 1099 733 1168 recenset,
755 1092 860 1171 utique
875 1089 1048 1150 discrimine
1061 1089 1114 1158 24.
1132 1111 1194 1150 non
1213 1098 1265 1158 27.
1286 1112 1343 1151 an-

251 1193 367 1236 norum.

154 1253 184 1309 Ρ·
200 1250 236 1308 42
340 1261 403 1321 Τοῦ
417 1253 450 1319 di
468 1249 583 1336 κόσμου
604 1251 644 1337 ἦν
670 1257 733 1334 droa
752 1250 853 1340 γχιὸ
855 1253 867 1336 ]
897 1255 964 1314 Hoc
980 1266 1024 1316 est
1040 1258 1077 1316 ad
1096 1257 1188 1318 Masis
1206 1267 1342 1338 aetatem,

250 1342 338 1402 iuxta
353 1350 488 1400 veterum
510 1343 670 1401 sententias
690 1343 826 1420 superius
843 1361 908 1419 pag·
925 1345 974 1406 63
992 1342 1042 1406 64
1059 1352 1089 1401 ct
1104 1364 1182 1420 seqq
1200 1353 1231 1402 et
1244 1364 1343 1424 nuper

250 1445 318 1506 pag.
338 1430 407 1490 122.
421 1423 474 1482 ubi
489 1423 526 1482 de
541 1424 633 1498 Mose,
655 1426 774 1484 relatas:
797 1445 921 1504 quorum
936 1424 1066 1483 calculos
1083 1426 1119 1483 ab
1131 1427 1257 1488 Eusebio
1274 1449 1343 1488 cor-

250 1518 350 1570 rectos
371 1509 442 1566 licet
461 1508 739 1584 Ριιιιιιιιιιιιιιιιιιιι
756 1509 808 1568 lib.
825 1515 854 1576 9.
877 1510 913 1568 de
936 1509 1020 1570 Doct.
1037 1510 1137 1589 Temp,
1162 1531 1226 1589 cap.
1242 1515 1291 1576 18
1312 1520 1344 1570 et

250 1593 285 1654 in
302 1591 500 1672 Epiphaniam
517 1613 582 1672 pag.
600 1595 650 1659 15.
673 1614 818 1672 nusquam
839 1603 937 1652 tamen
958 1593 1082 1672 probat,
1111 1595 1162 1654 sed
1189 1595 1344 1654 institutas

250 1677 309 1738 sibi
331 1675 544 1755 Chronologiae
563 1677 695 1736 numeris
721 1677 903 1758 compositos
929 1678 1069 1738 declarat.
1111 1679 1148 1738 In
1169 1688 1342 1759 utrumqne,

250 1772 282 1822 et
298 1762 369 1820 altos
384 1763 490 1820 mentis
506 1763 636 1821 ciusdem
653 1773 802 1822 consortes
821 1764 912 1822 edicit
925 1783 1006 1822 meus
1021 1764 1164 1841 Georgius
1180 1764 1265 1829 ad5.
1281 1765 1341 1824 Ar-
1366 1765 1375 1789 ’·

249 1847 384 1926 givorum
399 1867 496 1924 regem
514 1840 628 1926 αἰιιγως
644 1841 843 1930 cinewissem
855 1849 903 1909 και
922 1841 1107 1928 α’μιιριυρως.
1149 1849 1293 1907 Eusebius
1308 1849 1359 1907 ιη’

248 1931 350 2028 priore
362 1930 438 1989 libro
454 1932 488 1990 ab
502 1931 611 1990 lnacho
629 1932 713 1990 ad
679 1913 904 2008 Agamemnonis
918 1952 1020 1991 necem
1033 1953 1126 1991 annos
1141 1934 1230 1992 coll'‹¹
1203 1934 1257 2010 igit
1268 1933 1341 1997 655.

248 2015 284 2074 in
299 2015 464 2094 posteriore
479 2016 586 2094 viginti
602 2016 746 2094 amplius,
769 2017 849 2095 quod
864 2026 893 2075 et
909 2037 965 2075 nos
981 2036 1150 2094 sequemur,
1171 2016 1214 2074 ait
1227 2035 1343 2073 memo-

249 2108 334 2158 ratus
353 2099 490 2158 Petavius
513 2099 630 2159 Author
644 2100 680 2158 ab
698 2100 835 2159 Inachaei
853 2101 936 2177 regni
952 2101 1126 2179 primordiis
1143 2119 1221 2157 antio
1237 2099 1342 2157 mundi

251 2185 344 2247 3692.
360 2182 479 2259 signatis
496 2183 534 2240 sd
551 2185 799 2261 Agamemnonem
815 2184 947 2242 occisum
970 2203 1048 2240 anno
1070 2183 1164 2248 4330.
1183 2203 1277 2242 aranos
1293 2183 1343 2240 in-

250 2266 388 2324 teriectos
402 2270 474 2329 688.
489 2276 630 2326 nutrierat.

325 2344 441 2428 Ἴναχος
455 2347 504 2427 ιἰη
515 2343 580 2427 vd]
602 2351 646 2408 lta
664 2349 768 2408 scribit
784 2349 913 2427 Scaliger
924 2369 991 2429 pag.
1008 2358 1105 2408 textus
1120 2349 1275 2409 Eusebiani
1288 2355 1340 2417 23.

180 2441 183 2446 “
247 2451 307 2494 nec
332 2431 462 2490 advertit
483 2433 600 2491 Eusebii
625 2434 715 2494 verba
738 2454 931 2513 componens,
960 2434 1081 2492 Eusebii
1111 2435 1220 2493 lnacbo
1244 2456 1340 2494 annm

249 2517 397 2575 duntaxat
409 2516 485 2582 5οᾙ
476 2537 507 2574 m
524 2517 672 2578 Chronico
688 2518 862 2578 ascribentis
876 2527 1004 2578 mentem
1016 2527 1147 2580 evertere
1154 2565 1164 2597 ‚
1187 2529 1216 2580 et
1229 2517 1340 2579 autbo-

247 2601 365 2662 ritatem
381 2601 557 2662 convellere

333 2681 380 2748 Ob'
400 2709 452 2766 μοι
472 2685 701 2766 densissime]
728 2685 841 2745 Hoc
820 2707 886 2746 iere
907 2688 1067 2745 collectam
1091 2699 1133 2746 est
1153 2708 1174 2743 ιι
1199 2685 1338 2764 Georgio,

247 2768 353 2829 scribit
375 2769 504 2845 Scaliger
525 2770 603 2828 banc
623 2771 785 2850 pericopen
801 2773 931 2830 reserens
950 2771 1087 2833 Animad.
1109 2771 1209 2849 pagin.
1226 2777 1274 2834 17.
1291 2776 1340 2836 18.

248 2853 322 2924 253.
336 2861 391 2914 etc.
435 2853 522 2910 Ratio
540 2853 615 2912 baec
637 2863 689 2911 est.
731 2855 763 2911 Si
785 2855 823 2911 ad
843 2855 976 2911 Africani
999 2864 1128 2912 mentem
1150 2855 1341 2930 Assyriorum

248 2953 378 3031 regnum.
383 2934 489 3030 aliud,
511 2936 592 3012 quod
606 2935 804 3012 Argivorum,
825 2937 910 2992 annis
925 2936 997 2994 solis
1015 2937 1152 2995 ducentis
1166 2939 1338 3015 praecedat;

249 3027 285 3077 ut
302 3017 390 3097 spatii
411 3015 581 3078 huiusmodi
603 3021 745 3078 terminus
770 3021 808 3078 ad
830 3010 933 3078 lnaclii
955 3020 1134 3098 Argivorum
1156 3022 1232 3100 regis
1249 3022 1340 3102 primi

249 3121 358 3162 annum
374 3102 503 3182 primum
517 3103 650 3182 attingit,
672 3104 713 3163 ita
730 3124 849 3184 quoque
865 3106 904 3163 ad
918 3104 1008 3164 Mosis
1026 3107 1153 3164 natalem
1169 3107 1285 3166 diem
1260 3129 1339 3166 enea

246 3185 350 3248 Inachi
364 3187 552 3268 primordia
542 3200 743 3248 susurrantem
758 3189 890 3248 accedit.
914 3189 994 3247 idem
1015 3211 1088 3250 vero
1109 3211 1255 3251 annornm
1278 3194 1338 3251 du-

247 3281 402 3332 centorum
419 3272 564 3332 terminus
578 3273 712 3334 Abrabae
726 3294 821 3333 annus
836 3295 926 3354 supra
941 3277 1132 3334 certtesimum
1146 3278 1261 3356 primus
1273 3287 1338 3336 sta-

245 3355 357 3416 tuitus:
378 3343 497 3417 Moses
488 3366 586 3437 ltaque
599 3380 676 3418 anno
686 3358 820 3418 Abrahae
836 3361 939 3418 eodem
953 3361 991 3418 ad
1007 3362 1084 3420 lueis
1100 3370 1129 3419 et
1143 3363 1248 3418 mundi
1261 3383 1337 3420 cotr-

246 3440 397 3498 sortium
386 3461 535 3518 engressus
549 3453 601 3502 est.
643 3443 911 3504 Demonstrativanr
925 3446 1161 3504 confutationem
1179 3443 1259 3503 banc
1276 3466 1338 3505 vo-

247 3531 297 3582 cat
311 3522 440 3600 Scaliger
454 3525 522 3584 loco
536 3526 634 3603 primo
647 3528 750 3586 relato.

332 3603 420 3668 Karai
435 3629 468 3670 ro
459 3602 539 3686 pa‘.
540 3608 551 3686 ]
573 3610 700 3687 Scripsit
712 3609 856 3668 Eusebius
871 3610 921 3675 43.
936 3611 1121 3688 eundemque
1132 3621 1263 3670 servaret
1276 3634 1339 3673 nu·

246 3709 361 3750 merum
375 3690 440 3770 ipse
456 3691 609 3768 Georgius,
631 3691 794 3770 Arphaxad
805 3713 896 3752 ιιιιιιιι
909 3693 1053 3772 epocham
1066 3695 1178 3772 ubique
1190 3717 1337 3760 asserens:

170 3795 172 3802 ’
245 3774 287 3836 At
301 3791 371 3834 cum
386 3794 497 3834 annum
512 3777 611 3855 ipsum
624 3776 730 3835 diluvii
745 3779 909 3850 statuendis
924 3777 1086 3858 Arpbaxad
1101 3780 1244 3840 natalitiis
1256 3803 1338 3842 non-

245 3879 399 3958 nunquam
421 3861 525 3938 eligat,
547 3859 618 3920 hinc
641 3845 877 3922 Genearclmrnm
896 3873 1004 3922 aetates
1029 3864 1178 3924 sdiluvio
1195 3867 1337 3946 quando-

246 3965 303 4024 que
317 3944 435 4006 variant
448 3965 508 4006 uno
522 3965 610 4008 anno.
654 3946 742 4005 Anno
756 3966 874 4027 quoquc
888 3949 956 4008 Nini
973 3949 1026 4014 44.
1041 3948 1190 4009 Abrabam
1211 3973 1337 4031 compe-

245 4029 340 4088 rietur
352 4040 455 4106 natus,
478 4030 503 4090 si
522 4041 592 4110 post
613 4031 778 4102 secundum
791 4053 808 4092 a
821 4033 937 4094 diluvio
951 4054 1063 4094 annum
1080 4034 1242 4114 Arpbaxad
1255 4037 1336 4094 diem

245 4114 373 4218 natalem
387 4115 534 4175 statuetis.

327 4189 513 4300 Ἄργιίωιιβ.
529 4199 742 4286 ligisdicurtem]
774 4200 861 4261 His
852 4221 885 4260 m
904 4201 1035 4276 margine
1052 4202 1154 4297 posita
1179 4205 1335 4263 subnecto.

247 4278 343 4356 ἔπηξ’
359 4307 413 4344 του
401 4281 458 4344 δὲ
471 4278 586 4362 κόσμου
600 4287 641 4362 ἠν
655 4285 718 4356 ἐίος
730 4301 841 4365 pauper.
862 4284 989 4342 Inachus
1007 4285 1118 4364 quippe
1139 4308 1263 4363 regnum
1284 4287 1335 4344 in·

247 4363 345 4426 stituit
363 4385 442 4425 anno
461 4370 552 4434 3692
573 4376 602 4426 et
619 4371 669 4432 56.
690 4367 800 4441 tenuit,
821 4367 859 4426 ad
880 4387 989 4428 annum
1009 4369 1151 4430 vadebcet
1161 4373 1257 4436 3748
1273 4389 1334 4448 qno
