3109 4959
534 445 592 511 ET
614 442 966 513 ANNOTATIONES.
1227 430 1301 505 517

213 624 267 662 aaa
284 612 311 660 ct
332 602 459 662 obaesus
484 603 643 665 indicatur.
693 601 847 663 videndus
868 600 971 661 Simon
999 599 1117 663 Portius
1138 600 1171 659 ia
1192 600 1302 663 λοιλοο

212 688 429 749 niixobarbaro.

300 776 366 834 Τῶν
379 768 436 835 δύο
451 771 637 855 βασιλειῶν]
662 771 859 832 Alexandriae
873 769 1014 830 nimirum
1029 778 1058 829 et
1073 771 1212 851 Cyrenes.
1238 770 1299 829 llni
1318 780 1348 833 V·
1362 776 1396 834 ⁶5

212 876 357 934 namque,
379 866 410 917 et
432 877 646 936 uonraunquaru
668 858 784 917 duobus
809 856 935 936 sceptris
958 865 1084 934 utraque
1106 856 1186 934 regio
1201 854 1303 915 subia-

212 941 308 1001 cebet.

290 1017 364 1087 Ὧδε
391 1018 621 1103 evasissemus]
650 1024 785 1085 Alieuiua
804 1023 951 1084 defectum
967 1024 1118 1103 sequentia
1139 1022 1230 1084 verba
1249 1024 1303 1084 de-

213 1110 345 1185 claraut;
372 1128 427 1167 nec
453 1111 532 1167 eninr
555 1120 749 1168 nientoratum
771 1109 823 1167 laio
845 1120 912 1188 post
931 1111 1130 1169 Ptolemaeum
1153 1108 1303 1167 Phuscnnr

213 1214 417 1253 suceessorum
432 1213 532 1269 regum
549 1196 723 1253 laterculum
742 1195 909 1271 'aetertum
931 1206 989 1253 eta
1007 1194 1171 1253 Ptolemaeo
1185 1192 1301 1252 l‘buaco

213 1279 251 1338 ad
269 1279 453 1357 Cleopatram
471 1279 629 1337 Ptolemaei
645 1279 766 1357 lliopysi
781 1278 872 1336 filiam
885 1279 1008 1337 inferius
1019 1288 1164 1352 voratam,
1186 1278 1303 1336 nullum

213 1364 343 1443 Aegypti
364 1382 461 1439 regern
483 1365 607 1443 exponit
627 1362 752 1425 Autlror.
786 1364 980 1422 Aeonrmuui
996 1365 1095 1421 forsan
1108 1362 1303 1420 rriuudianno

213 1449 307 1513 5377.
329 1468 387 1525 quo
406 1447 538 1507 l¹busous
560 1450 591 1507 λιι
612 1448 720 1506 solium
737 1457 873 1520 evectus,
895 1449 934 1505 ad
953 1450 1138 1525 Cleopatram
1159 1448 1303 1523 langorum

213 1531 366 1605 ultimam,
386 1541 416 1590 et
429 1542 548 1611 seeptro
565 1534 619 1591 sub
635 1554 746 1591 arritum
764 1534 867 1591 ιιιιιιιιλί
883 1533 975 1597 544ᾶ
993 1541 1026 1589 ut
1038 1530 1143 1589 scribit
1155 1531 1222 1606 ille,
1242 1553 1303 1609 po-

212 1616 315 1689 titam,
343 1617 445 1673 nullus
468 1618 544 1676 alter
567 1618 703 1677 raacdius‘l
739 1616 915 1676 inserendus
932 1636 1002 1675 sane
1025 1617 1197 1695 Cleopatrae
1218 1625 1304 1695 pater

213 1700 288 1756 alius
310 1700 494 1758 Ptolemaeus
504 1745 523 1773 ‚.
543 1709 606 1758 tuin
634 1704 725 1761 irater
745 1702 847 1758 eodem
869 1702 987 1757 nomina
1010 1701 1243 1777 rruncupanilua,
1273 1710 1304 1759 et

213 1791 337 1860 uterque
358 1783 505 1860 praesenti
525 1784 592 1841 loeo
613 1783 738 1843 Librarii
760 1784 915 1841 oscitantia
936 1784 1126 1861 praeteritus:
1156 1804 1246 1863 quam
1266 1803 1304 1842 ex

212 1867 346 1926 Autlrore
357 1867 475 1945 partim,
495 1877 525 1925 et
535 1870 647 1947 partim
660 1888 698 1925 ex
714 1867 845 1947 probatis
859 1867 1053 1943 Clrronologia
1064 1868 1193 1927 maxima
1204 1866 1304 1927 Cbro-

214 1952 284 2011 nico
301 1952 503 2011 Alexandrino
523 1952 651 2010 Autlrori
667 1973 729 2011 non
742 1951 844 2028 ignoto
856 1952 1050 2031 reparandam
1068 1952 1195 2011 decrevi.

299 2030 454 2117 Αἰγύπτου
474 2034 525 2098 καλ
543 2029 759 2115 Ἀλεξανδρείας
777 2033 816 2112 η’.
839 2035 1026 2114 ἐβασίλευσεν
1040 2033 1073 2097 τύ
1088 2042 1207 2117 πρῶτον
1225 2041 1303 2099 Πτο-

215 2126 336 2201 λεμαῖος
350 2120 366 2181 ὁ
382 2124 519 2191 Φαῦστος
535 2119 583 2197 λ’τη
599 2116 628 2181 ί.
648 2125 703 2181 τοῦ
721 2118 753 2179 δὲ
768 2112 883 2199 κόσμου
900 2114 988 2202 prof.

300 2198 456 2283 Αἰγύπτου
476 2202 528 2264 καλ
546 2198 765 2285 Ἀλεξανδρείας
785 2197 827 2265 θ’.
856 2202 1045 2283 ἐβασίλευσεν
1070 2197 1260 2287 Ἀλέξανδρος
1285 2206 1304 2269 δ

214 2282 312 2351 sisae
323 2283 455 2364 α’δελφδς
468 2286 517 2365 ἔτη
531 2282 574 2349 ιε’.
594 2294 650 2351 τοῦ
664 2286 697 2350 δὲ
709 2285 822 2366 κόσμου
836 2282 930 2371 ‘caroffi

298 2368 454 2453 Αἰγύπτου
467 2372 517 2433 καὶ
528 2366 748 2454 Ἀλεξανδρείας
762 2369 789 2433 ί.
806 2372 994 2452 ἐβασίλευσεν
1010 2369 1043 2434 τί
1063 2368 1203 2456 δεύτερον
1220 2378 1303 2436 Πτο-

132 2472 133 2475 ’
215 2455 366 2539 λεμυῖοςδ
383 2459 521 2530 botanae
537 2456 587 2536 ίτη
604 2453 642 2538 η’.
653 2462 716 2520 ’τοῦ
733 2453 765 2519 tt
780 2452 894 2537 κόσμου
907 2453 988 2540 ,wll-

224 2606 227 2612 ,
300 2535 456 2623 Αἰγύπτου
476 2540 527 2603 καλ
545 2536 761 2622 Ἀλεξανδρείας
786 2536 836 2605 ια’.
864 2541 1052 2622 ἐβασίλευσεν
1080 2546 1264 2623 Πτολεμαῖος
1284 2539 1304 2604 o‘

216 2621 364 2699 Λιύννοος
377 2625 426 2706 ἔτη
439 2620 475 2688 λ’.
495 2630 549 2689 τοῦ
563 2624 596 2689 δὲ
607 2623 721 2707 κόσμου
735 2621 808 2711 μυί.

302 2704 460 2793 Αἰγύπτου
476 2709 528 2771 uei
540 2706 756 2791 Ἀλεξανδρείας
769 2704 818 2789 ιβ’.
840 2710 1028 2789 ἐβασίλευσεν
1041 2715 1224 2788 Πτολεμαῖος
1235 2705 1304 2781 υἰύς

217 2796 422 2873 Πτολεμαίου,
442 2799 500 2856 τοῦ
516 2794 568 2857 καλ
589 2793 741 2859 Διονύσου
760 2790 955 2876 Κλεοπατρας
978 2790 1108 2873 οἷδελφδς
1129 2794 1178 2874 ἔτη
1192 2789 1215 2866 ς’
1219 2839 1227 2856 .
1247 2798 1303 2856 τού

217 2877 251 2945 δί
264 2874 378 2958 κόσμον
392 2877 440 2957 ἔτη
454 2873 533 2961 ἐυγί.
566 2954 567 2959 ¹

301 2964 386 3025 Prius
401 2973 430 3022 et
439 2964 576 3039 iteratum
591 2963 755 3044 Physconia
768 2963 1004 3043 regnumasserit
1018 2962 1135 3022 Author
1151 2970 1304 3039 premente

217 3052 302 3125 loco,
325 3058 354 3107 et
374 3042 530 3126 utriusque
546 3049 646 3107 fratris
665 3057 783 3127 tempus
803 3069 947 3109 summam
967 3069 1112 3107 asinorum
1132 3052 1184 3111 33.
1208 3046 1304 3103 confi-

218 3154 285 3191 cere
307 3140 448 3192 testatur:
487 3134 652 3192 Ptolemaeo
680 3134 827 3212 Dionyso,
856 3134 919 3191 sive
942 3133 1103 3209 Dionysio,
1126 3129 1303 3207 qmbusdam

216 3216 316 3275 Auleti
341 3216 407 3273 aliis
429 3214 560 3275 Lathuro
583 3218 774 3293 cognomine,
805 3216 946 3288 Georgius
966 3218 1079 3294 pariter
1102 3235 1136 3271 ac
1159 3214 1304 3273 Eusebius

216 3300 338 3377 triginta
362 3298 599 3371 tribunalium,
629 3299 667 3357 ad
691 3300 797 3358 mundi
818 3299 960 3357 videlicet
984 3298 1077 3363 5440.
1119 3298 1260 3375 Sequitur
1285 3321 1304 3356 a

216 3385 369 3468 plerisque
388 3384 611 3463 praetermissus
632 3384 817 3443 Ptolemaeus
835 3383 974 3452 ultimus,
995 3384 1059 3442 sive
1079 3382 1255 3462 Dionysius,
1277 3382 1303 3442 oi

217 3480 304 3551 pater
315 3469 373 3528 luit
389 3468 504 3528 Auletes
512 3514 521 3546 ‚
539 3468 590 3528 vel
602 3467 767 3545 Latburus,
790 3468 875 3527 euius
888 3488 979 3545 regno
998 3468 1138 3527 nonnulli
1152 3468 1237 3538 duos,
1250 3467 1303 3526 alii

218 3576 272 3614 aex
292 3554 427 3615 Petavius
449 3553 500 3613 lib.
514 3558 563 3619 to.
577 3574 640 3633 cap.
655 3554 704 3617 46.
720 3553 851 3632 quinque
871 3572 964 3611 annos
979 3551 1142 3631 imputant,
1165 3572 1181 3610 a
1197 3552 1303 3611 mundi

218 3641 312 3706 5440.
327 3640 365 3697 ad
382 3639 473 3703 5446.
489 3657 549 3716 quo
564 3659 649 3697 soror
664 3637 819 3717 Cleopatra
838 3657 900 3695 noa
919 3638 1053 3695 exercuit
1073 3637 1179 3710 modo,
1200 3635 1253 3695 aed
1273 3648 1304 3697 et

217 3726 330 3799 regiam
351 3743 467 3783 oannem
485 3723 614 3801 suscepit
631 3731 807 3802 potestatem
825 3741 863 3781 ex
881 3741 945 3801 pag.
959 3724 1031 3787 303.
1048 3722 1083 3785 Δ.
1105 3722 1304 3784 Ptolemaeum

218 3808 310 3865 istum
325 3808 475 3866 diversum
490 3807 525 3865 ab
544 3806 648 3865 Aulete
661 3826 723 3863 non
737 3806 853 3866 Autbor
870 3807 958 3864 morlo
970 3826 1034 3885 pag.
1048 3810 1120 3871 301.
1136 3806 1169 3863 l).
1188 3815 1217 3863 et
1231 3809 1304 3873 303.

218 3892 254 3951 λ.
273 3909 330 3949 nee
346 3911 492 3951 alanorum
506 3890 595 3949 modo
610 3910 766 3968 numerus,
786 3911 889 3951 verum
907 3899 937 3948 et
961 3892 1143 3969 scriptorum
1161 3889 1305 3950 authori-

218 3985 282 4048 tas,
304 3984 334 4031 et
353 3984 431 4033 aetas
456 3985 571 4051 tenera,
596 3993 656 4053 qua
674 3975 836 4055 Eutropius
858 3984 888 4033 et
910 3975 1019 4033 Paulus
1038 3974 1160 4034 Orosius
1180 3976 1304 4053 oriris,

220 4060 258 4121 ob
278 4058 420 4136 Pompeio
442 4079 545 4119 necem
566 4059 603 4117 ab
627 4079 661 4117 eo
684 4059 846 4118 crudeliter
866 4058 997 4133 illatam,
1018 4080 1034 4117 a
1056 4061 1177 4118 Caesare
1197 4060 1319 4121 deinde'

221 4143 368 4205 sublatum
388 4150 580 4203 attestantura
597 4143 657 4203 *hic
675 4142 795 4222 quidem
815 4143 892 4202 libro
909 4148 938 4208 6.
959 4164 1023 4224 cap.
1044 4145 1093 4210 15.
1131 4146 1195 4202 Hie
1208 4148 1305 4203 eritrea

217 4249 340 4309 pugnae
353 4223 397 4283 ed
409 4228 715 4304 I’olcieoplieraalium
726 4230 801 4303 fuit.
848 4232 1009 4306 Pompeius
1019 4230 1151 4307 fugiens
1173 4232 1206 4287 ia
1225 4233 1303 4287 ostio

222 4315 312 4373 I’a'nei
324 4311 422 4369 amicis
437 4314 609 4369 veteratione
627 4332 733 4371 nutem
752 4324 876 4389 reactus,
898 4316 930 4371 ίπ
943 4313 1055 4371 Asiam
1073 4316 1214 4373 arconiis.-
1234 4314 1304 4374 indo

218 4420 274 4477 pei·
300 4396 430 4478 Cyprum
448 4398 482 4456 iu
501 4395 673 4477 Aegyptum
696 4400 793 4460 verrit:
821 4400 923 4477 ibique
940 4419 1009 4457 atrox
1027 4408 1061 4456 ut
1082 4397 1170 4459 littae
1190 4404 1305 4481 attigit,
