3109 4959
671 423 923 496 PRAEFATIO.
1267 414 1319 488 55

310 578 480 641 chronicon
491 578 721 642 Alexandrinum
734 579 817 641 hand
830 582 940 642 lectum
953 579 1082 661 Georgia
1094 582 1243 660 syncello,
1259 601 1315 641 nec

226 663 331 726 Photis
352 675 562 741 memoratum,
583 667 686 727 aetatis
711 685 803 746 penes
816 686 864 727 me
887 686 947 725 non
968 676 1013 726 est
1036 666 1183 743 indubiae.
1225 667 1315 739 Quod

226 750 306 809 anina
329 750 368 810 ad
391 749 521 811 Heraclii
540 759 743 831 tempestatem
771 750 948 832 profiteatur
969 749 1132 811 Historiam
1158 750 1314 827 deducere,

225 834 356 893 auctoris
370 833 480 913 pariter
503 844 533 894 et
553 836 668 895 librarii
692 836 895 901 testimonium
920 855 985 898 essa
1009 845 1126 917 potest,
1157 835 1209 912 qui
1240 856 1315 915 opus

225 921 351 979 sortasse
368 920 503 980 nondum
522 920 690 982 absolutum
708 930 814 981 nactus
831 920 862 978 in
882 917 1012 981 Heraclii
1032 940 1126 981 annos
1147 919 1210 978 eius
1226 919 1316 980 linem

225 1000 376 1079 incidere,
398 1025 459 1065 non
477 1014 628 1066 auctorem
643 1006 755 1065 vixisse
771 1014 915 1066 testatur:
936 1015 1030 1085 prout
1042 1026 1106 1066 non
1119 1001 1251 1063 absimili
1265 1007 1313 1063 lo-

225 1088 338 1167 quendi
358 1110 456 1166 more,
476 1109 535 1169 quo
553 1090 638 1149 annis
655 1090 822 1168 quingentis
839 1090 1034 1170 posteriorem
1057 1088 1217 1165 Georgium
1234 1090 1316 1168 Syn·

225 1174 350 1249 cellum,
371 1168 433 1238 chad
453 1168 545 1252 ’Addp
562 1173 644 1255 μέχρι
660 1177 717 1236 aori
731 1179 967 1255 Διοκλητιανοῦ,
988 1175 1028 1233 ad
1045 1173 1218 1235 Diocletiani
1231 1174 1314 1253 prin-

225 1259 300 1337 cipis
314 1258 468 1337 imperium
483 1255 755 1340 chronographiam
768 1261 956 1320 continuasse
968 1259 1106 1319 librarius
1128 1267 1229 1315 noster
1239 1258 1314 1316 scri·

114 1386 119 1393 -
223 1352 309 1421 ptum
329 1342 360 1400 in
379 1342 467 1401 titulo
490 1341 627 1422 reliquit:
656 1344 845 1424 quantumvis
868 1345 947 1405 circa
971 1343 1096 1404 dubium
1119 1360 1175 1400 nec
1191 1349 1315 1401 senten·

223 1428 297 1485 tiam
323 1445 360 1486 ex
378 1427 522 1486 tribunali
543 1429 761 1507 pronunciare,
786 1428 943 1490 neclitem
969 1447 1089 1490 movere
1109 1428 1218 1507 placet.
1269 1424 1313 1485 Ad

225 1511 384 1585 Georgium
398 1512 495 1591 ipsum
510 1513 616 1588 verrio,
638 1514 676 1572 ‹le
691 1514 777 1573 cuius
789 1533 930 1594 pmaons,
951 1532 1058 1593 opere,
1080 1509 1231 1571 scribmrdi
1244 1508 1313 1588 linc,

194 1631 197 1638 -
224 1595 302 1655 libro
319 1596 379 1655 MS.
396 1606 426 1655 ct
446 1596 581 1656 versione
594 1618 632 1659 cx
646 1599 842 1679 interpretum
857 1618 940 1660 more
953 1597 1028 1657 mihi
1040 1594 1245 1677 praefandum.

309 1682 451 1758 Georgius
482 1694 677 1759 cognomento
703 1686 859 1763 Symcellus
880 1702 987 1761 genere
1009 1691 1039 1741 et
1063 1680 1159 1761 patria
1181 1678 1312 1757 ignotas,

223 1765 354 1826 fortunis
367 1775 397 1825 et
412 1765 514 1825 mundi
530 1767 672 1843 dignitate
687 1768 812 1845 dubius,
834 1787 868 1826 ea
884 1786 971 1846 quam
986 1766 1098 1825 meritis
1111 1773 1140 1825 ct
1154 1762 1313 1822 virtutibus

223 1850 256 1908 in
273 1849 405 1909 Ecclesia
421 1851 563 1910 sustinuit
579 1852 793 1913 celeberrimus.
834 1851 930 1912 lluius
946 1870 1053 1910 nomen
1068 1870 1103 1908 ac
1123 1846 1241 1907 laudem
1256 1846 1314 1904 Ni·

223 1954 312 1993 caena
332 1934 454 2014 Syncalo
473 1936 601 1995 secunda
620 1945 830 2017 personantem
850 1936 941 1997 refert
961 1934 1133 1996 Anastasius
1149 1929 1314 1992 Bibliothe-

223 2018 321 2076 carius
332 2019 364 2075 in
377 2021 485 2097 praefat
493 2021 559 2078 ione
570 2020 680 2081 llistor.
692 2022 807 2083 Eccles.
817 2040 921 2082 verum
933 2040 989 2079 nec
1001 2021 1100 2101 Cypro
1115 2017 1227 2098 patria,
1249 2025 1316 2073 tan·

223 2121 309 2179 qnam
325 2104 425 2179 Cypro
449 2103 592 2178 genitrice
612 2104 725 2183 prolem
741 2102 787 2183 ⁴),
809 2106 858 2165 vel
880 2103 997 2179 Georgii
1025 2101 1129 2181 Cyprii
1151 2121 1167 2156 a
1191 2098 1313 2178 Syncdo

222 2186 296 2244 iuste
316 2184 458 2243 vindicati
483 2194 513 2244 et
534 2186 660 2260 circulor
681 2182 802 2267 μνήμης
820 2186 946 2246 vocibus
966 2185 1086 2265 excepti
1106 2184 1226 2244 numine
1252 2202 1314 2244 non

220 2269 443 2328 inscribendam
464 2271 588 2329 solerter
610 2272 749 2333 admonet
767 2269 863 2330 titulis
884 2272 1034 2352 plerisque
1050 2267 1238 2330 Clarissimus
1254 2267 1314 2325 leo

222 2356 349 2416 Allatiua
365 2352 496 2413 lliatriba
511 2354 547 2414 de
560 2346 695 2437 Georgiis
707 2348 830 2416 omnino
842 2355 946 2434 hegio,
968 2355 999 2415 in
1016 2374 1092 2434 qua,
1112 2353 1138 2413 si
1150 2351 1224 2413 haec
1236 2363 1314 2435 quo·

223 2460 281 2520 que
293 2439 367 2500 velis
381 2448 505 2518 excepta
513 2485 522 2515 ,
545 2438 581 2499 dc
597 2440 714 2521 Georgii
724 2439 855 2521 Syncelli
869 2441 988 2521 scriptis
1002 2437 1190 2499 aelectissima
1203 2453 1314 2495 occur-

222 2534 304 2587 runt.
346 2524 385 2583 ht
405 2525 533 2604 Cyprius
554 2524 622 2601 ille,
651 2526 703 2603 qui
723 2534 791 2585 ante
810 2544 904 2585 annos
926 2524 1137 2604 quinquaginta
1157 2518 1313 2599 Synodnm

223 2620 319 2669 morte
333 2618 542 2689 praevenerat,
564 2608 635 2668 licet
652 2608 703 2668 laic
722 2609 870 2670 immerite
885 2617 1058 2682 vocaretur,
1080 2624 1117 2664 ea
1134 2602 1312 2681 quibusdam

223 2692 427 2751 nihilosecius
443 2692 555 2771 Synodi
573 2702 636 2751 acta
658 2693 825 2771 subscripto
846 2692 964 2769 Georgii
987 2691 1107 2749 nomine
1125 2686 1313 2747 firmantibus

222 2779 254 2838 in
262 2776 460 2855 suspicionem
475 2775 557 2833 venit
570 2776 697 2853 aliquem
711 2796 773 2838 csse
784 2776 953 2855 syncellum
967 2773 1111 2835 breviarii
1119 2772 1313 2849 chronogra-

222 2862 305 2944 phici
327 2869 486 2920 auctorem.
527 2858 729 2921 Numerantur
751 2870 812 2921 tres
825 2860 903 2921 seii.
918 2861 948 2928 4.
972 2859 1056 2922 Prior
1077 2856 1217 2918 Nazianzi
1238 2855 1312 2934 Epi-

223 2946 308 3029 scopi
319 2945 385 3006 viee
400 2962 520 3023 gerens,
539 2944 616 3007 alter
627 2945 840 3007 Domnicorum
853 2945 909 3006 GP.
923 2938 1109 3029 ἡγούμενος,
1134 2942 1238 3002 tertius
1249 2938 1313 2998 ibi-

223 3032 291 3095 dem
310 3030 488 3093 hlouasterio
505 3028 650 3110 Deiparae
671 3030 785 3111 pariter
805 3031 990 3105 Praefectus,
1011 3029 1118 3109 quibus
1140 3033 1312 3086 accensetur

222 3118 301 3178 Acti.
314 3123 344 3183 6.
357 3124 480 3197 quartus
493 3114 598 3175 Musici
610 3117 754 3176 Praesulis
761 3135 918 3197 persenam
928 3115 1058 3175 referens
1072 3112 1146 3174 alter
1158 3108 1311 3188 Georgius.

222 3202 363 3261 Fueritne
374 3201 496 3263 illorum
508 3221 571 3261 non
585 3220 683 3278 nemo,
705 3220 761 3260 eeu
775 3201 932 3279 Presbyter
941 3209 1030 3277 atque
1043 3190 1228 3277 ἡγούμενος,
1249 3193 1312 3257 Ab,

222 3287 275 3345 bas
289 3296 392 3347 noster
403 3295 433 3345 et
449 3282 631 3366 Σύγκελλος,
651 3284 746 3346 habco
759 3285 842 3364 quod
855 3283 1029 3360 coniiciam,
1048 3301 1110 3343 nou
1120 3278 1214 3340 habeo
1228 3276 1313 3358 qarod

224 3389 360 3433 asseram.
402 3370 535 3431 Eundem
552 3368 728 3449 Logothetas
743 3388 865 3431 munere
883 3377 1022 3429 ornatum
1041 3365 1126 3446 prius
1141 3365 1173 3425 in
1194 3362 1312 3426 saecula

223 3454 299 3515 mihi
313 3451 425 3533 pariter
447 3464 476 3513 st
491 3454 601 3515 Allatic
617 3455 679 3514 sola
701 3454 829 3534 suspicio
850 3462 910 3513 est:
933 3450 1046 3513 divitiis
1060 3459 1157 3513 autem
1172 3458 1202 3509 et
1222 3446 1311 3506 nobi·

114 3598 117 3605 .
223 3541 309 3599 litate
319 3538 477 3615 insignem,
498 3540 612 3599 mundo
628 3548 814 3620 contempte,
835 3537 947 3599 Tarsoii
960 3536 1065 3617 Regiae
1080 3533 1162 3595 urbis
1184 3533 1313 3593 Praesu-

224 3625 262 3683 lis
277 3622 449 3703 syncellum
467 3621 605 3683 ellectum
620 3623 738 3705 (mundi
756 3644 827 3685 vero
851 3632 1026 3703 contemptu
1046 3619 1104 3680 soli
1124 3638 1155 3678 se
1169 3616 1315 3677 deiiciunt

190 3730 194 3738 '
224 3707 379 3788 ⁰P¹¹¹⁶¹¹fis
402 3714 432 3765 ⁰²
448 3706 486 3769 *ἃ
499 3708 631 3787 syncelli
646 3729 756 3771 munus
771 3708 886 3769 nobiles
902 3730 937 3768 eo
956 3717 1088 3786 tempere
1105 3700 1314 3784 proveheban-

223 3800 276 3851 tur
290 3790 370 3870 soli),
382 3800 558 3851 memoratus
572 3794 678 3853 assent
690 3794 870 3853 Anastasius.
912 3790 1074 3854 Monachus
1087 3786 1255 3848 solitudinis
1268 3803 1314 3843 re·

225 3893 309 3934 cessa
329 3886 359 3934 et
377 3874 501 3937 horrore
515 3875 688 3937 delitescens
707 3879 834 3939 delatam
854 3878 887 3937 in
905 3896 990 3957 pares
1011 3874 1068 3936 sibi
1090 3867 1314 3933 contubernales

224 3957 341 4037 accepit
353 3960 587 4033 Praefecturarn‚
608 3971 638 4021 et
653 3963 692 4022 ob
705 3983 805 4023 rerum
816 3962 1010 4042 gerendarum
1025 3958 1192 4031 solertiam,
1213 3955 1314 4015 virtu-

225 4054 328 4123 teaque
350 4042 460 4123 quibus
481 4045 631 4128 praeibat,
651 4047 795 4126 insignis,
820 4048 927 4107 usitate
946 4039 1133 4127 ἡγούμενος,
1154 4035 1316 4119 Theopha-

226 4124 430 4208 “1⁸⁶lvs'rb0
452 4123 565 4211 Ἀββᾶς
585 4130 762 4196 declaratur.
805 4132 893 4191 Fides
914 4130 992 4204 eius,
1019 4125 1195 4210 prudentia,
1220 4123 1315 4203 pietas

227 4215 260 4274 in
276 4214 366 4273 ileum
379 4219 410 4272 ot
427 4210 606 4293 Ecclesiam,
630 4216 767 4279 doctrina
784 4217 949 4294 excellens,
976 4233 1033 4276 nec
1054 4208 1222 4274 communia
1246 4213 1315 4267 autc

261 4394 292 4465 4)
310 4398 367 4451 Act.
385 4394 403 4447 6
419 4401 447 4449 ct
462 4394 488 4449 7.
555 4398 588 4464 5)
606 4398 635 4449 la
652 4398 751 4453 lllator.
769 4399 922 4469 praeuio„
