3109 4959
223 354 272 425 40
604 360 648 428 G.
674 359 715 425 G.
735 357 939 427 BREDOVII

227 516 369 599 Georgius
382 535 454 578 vero
469 536 532 579 non
549 514 793 578 animadvertisse
802 512 943 593 videtur,
962 532 1001 575 ex
1016 532 1075 596 quo
1088 514 1170 575 sonte
1177 512 1309 575 Zosimm

222 601 367 663 hauserit.

310 686 357 744 Ex
371 684 419 745 bis
432 684 492 765 jam
508 693 612 765 patet,
626 686 784 747 Zosimum
793 683 1014 765 philosophum
1029 702 1091 743 non
1105 680 1230 741 eundem
1249 699 1311 741 esse

227 790 263 830 ac
279 770 435 830 Zosimum
444 770 627 831 batoricum
634 816 644 849 ,
664 773 716 851 qui
728 771 826 831 medio
840 771 958 831 saeculo
971 768 1077 848 quinto
1088 764 1223 844 scripsit:
1243 786 1325 849 nans,

226 854 387 916 historicus
401 874 531 935 paganus
544 854 602 915 soit
617 876 652 915 ac
665 856 769 915 creber
789 856 824 915 in
839 854 1012 934 sugillandis
1027 851 1212 935 principibus
1232 848 1312 908 ebri-

227 940 348 1017 atianis3
370 948 476 1000 auctor
487 960 559 1002 vero
574 945 629 1020 τῆς
638 934 742 1021 'troald
758 939 944 1001 Christianus
962 939 1029 1002 fuit.
1074 937 1130 996 Cui
1154 934 1313 994 sententiae

225 1024 428 1085 testimonium
449 1026 475 1085 si
501 1026 634 1105 quaeris,
658 1024 855 1096 clarissimum
873 1026 925 1084 dat
939 1023 1063 1084 Photius
1085 1025 1117 1081 in
1132 1018 1315 1079 Bibliotheca

227 1108 293 1171 cod.
312 1115 381 1177 170.
419 1109 613 1188 Anonymum
636 1110 808 1188 quemdam,
836 1118 955 1186 narrat,
984 1108 1018 1167 in
1039 1105 1209 1187 quindecim
1231 1104 1315 1162 libris

226 1194 380 1272 collegisse
393 1194 563 1253 testimonia
576 1193 702 1273 locaque
716 1194 831 1274 integra
847 1215 909 1254 non
920 1194 1018 1253 solum
1038 1211 1055 1252 e
1077 1190 1199 1269 scriptis
1220 1189 1317 1247 Grae*

227 1298 349 1353 corum,
377 1298 483 1337 verum
514 1278 603 1339 etiam
625 1280 798 1357 Persarum,
827 1278 1056 1360 Aegyptiorum,
1086 1274 1318 1355 Babyloniorum

228 1373 316 1442 utque
329 1363 483 1435 Italorum,
504 1382 579 1442 quae
589 1364 725 1443 religioni
740 1364 916 1442 christianae
929 1360 1118 1423 consentiant
1131 1378 1253 1436 eamque
1267 1375 1317 1416 er·

227 1466 265 1526 go
280 1448 338 1506 iarn
350 1446 434 1524 prius
451 1448 679 1523 divulgaverint.
720 1450 796 1509 Tum
812 1449 845 1507 in
860 1447 1039 1508 editionibus
1061 1444 1172 1505 nostris
1187 1443 1230 1502 sio
1240 1439 1317 1519 legi-

228 1540 298 1591 tur:
321 1526 358 1593 osi
375 1524 468 1610 μόνον
480 1529 513 1595 di
528 1528 587 1597 ἄντί
597 1537 658 1595 τῶν
671 1533 896 1615 προειρημένων
911 1528 1021 1614 α’γείρει
1031 1528 1082 1591 καί
1092 1531 1252 1606 συντίθησι
1265 1521 1319 1598 ade

232 1616 412 1698 μαρτυρίας,
435 1613 509 1679 ἄλλοί
527 1617 578 1681 καί
593 1614 727 1682 dotano
743 1622 936 1701 χειμευτιτοῐν
959 1616 1099 1695 Ζωσίμον
1114 1607 1219 1695 λόγων.
1255 1612 1319 1689 Θη-

229 1702 317 1783 βαῖος
332 1702 350 1763 d
357 1695 365 1721 ’
375 1694 418 1781 ἦν
434 1694 531 1779 οὗτος,
559 1704 791 1783 Πανωττολίτης,
813 1699 848 1777 ὃς
861 1696 920 1767 osis
938 1700 1076 1779 ἐφείσατο
1088 1695 1125 1761 sd
1138 1690 1214 1759 oded
1227 1718 1320 1757 κατα-

231 1780 400 1861 σκευάζειν,
422 1784 455 1849 ἔν
476 1782 523 1861 οἷς
544 1786 597 1850 καί
619 1787 769 1869 ἓβραϊκοῖν
790 1783 889 1873 λόγων
910 1781 1060 1851 ἐκτίθεται
1080 1783 1240 1863 σημασίας,
1269 1776 1321 1841 καί

230 1875 292 1933 τῶν
313 1864 488 1935 αίντοστόίων
510 1871 631 1947 ἕκαστος
652 1872 728 1935 ἔνθα
742 1869 775 1936 sd
799 1866 948 1954 rossignos
966 1865 1089 1951 ἐκήρυξε
1105 1863 1249 1949 μάθημα,
1269 1861 1322 1926 καὶ

230 1954 264 2019 ἕν
286 1947 309 2041 ᾧ
325 1950 423 2041 τρόπῳ
437 1960 499 2020 τοῖν
512 1949 717 2040 α’νθρωττίνων
728 1952 831 2021 τόνων
845 1952 1042 2021 ἀνεπαύσατο.
1063 1952 1113 2018 tat
1125 1951 1200 2016 τέλει
1215 1947 1248 2013 δὲ
1260 1952 1322 2011 τῶν

231 2033 328 2120 λόγων
341 2039 395 2107 ,καί
409 2043 682 2124 παραίνεστνίδίαν
695 2045 887 2107 κατατίθεται
901 2067 928 2105 κ.
942 2065 967 2104 τ.
984 2045 1010 2102 λ.
1046 2040 1139 2100 Nemo
1158 2057 1219 2095 non
1237 2035 1322 2093 videt

232 2146 278 2201 χρ
288 2148 307 2201 μ
316 2131 480 2187 rurensis
493 2119 590 2206 λόγων
601 2128 758 2206 legendum
774 2149 836 2187 esse
844 2149 899 2208 pro
912 2128 1103 2207 χειμεντικῶν
1111 2171 1120 2198 ,
1133 2143 1209 2202 quos
1223 2120 1322 2177 inter-

232 2226 302 2285 pres
315 2206 425 2265 latinus
441 2208 518 2267 bona
529 2211 587 2267 tide
598 2212 629 2268 in
638 2212 893 2290 frigidascripta
900 2210 1031 2271 ridicule
1041 2206 1199 2267 convertit.
1221 2201 1324 2262 Credi-

234 2289 312 2349 disse
325 2289 454 2359 videtur,
460 2292 558 2349 notari
572 2292 629 2351 bac
641 2294 865 2353 inusitatavoce
880 2295 990 2373 scripta
997 2292 1109 2351 Zosimi
1116 2286 1264 2365 historici,
1273 2286 1324 2346 ad-

233 2373 359 2435 versarii
373 2372 615 2451 Christianorum,
625 2377 662 2435 de
675 2374 735 2456 quo
745 2376 866 2437 Photius
877 2377 942 2438 cod.
956 2381 1007 2443 92.
1021 2408 1063 2422 -
1084 2374 1227 2453 Itaque-et
1234 2372 1325 2432 verba

233 2456 402 2537 sequentias
419 2459 595 2534 „Thebanus
606 2460 664 2521 suit
674 2460 734 2538 bic,
742 2456 937 2541 Panopolita''
946 2460 1027 2540 quod
1035 2460 1073 2521 ad
1080 2459 1255 2519 historicum
1262 2478 1325 2517 non

233 2544 396 2625 pertinent,
406 2544 442 2603 ab
450 2545 689 2606 antecedentibus
703 2547 745 2607 ita
759 2547 914 2622 disiunxit,
924 2555 959 2604 ut
971 2547 1069 2605 nescio
1084 2565 1172 2624 quem
1178 2544 1325 2625 respicere

233 2630 399 2693 videantur.
429 2630 562 2711 Apparet
576 2652 658 2709 vero,
679 2631 753 2693 baec
767 2632 858 2693 verba
873 2632 912 2692 ad
923 2631 1072 2691 Zosimum
1084 2630 1238 2692 reserenda
1250 2647 1324 2691 esse.

234 2712 315 2787 Quid
327 2722 424 2774 autem
442 2717 548 2779 verba:
569 2712 607 2793 ὃς
622 2710 690 2781 oris
708 2718 892 2797 ἐφείσατο
911 2713 957 2779 τοί
973 2709 1066 2779 odori
1087 2705 1326 2777 κατασκευαί·

235 2800 313 2870 ζειν
327 2799 382 2857 sibi
396 2799 524 2860 volunt?
547 2802 607 2861 Cur
620 2811 760 2881 tanquam
772 2802 1010 2883 reprehensurus
1024 2800 1107 2874 dicit,
1129 2798 1289 2872 Zosimum,
1310 2815 1327 2855 e

235 2901 295 2959 quo
303 2880 476 2961 Anonymus
486 2905 537 2943 sua
548 2886 675 2965 repetiit,
684 2908 746 2945 non
754 2888 885 2946 veritum
894 2906 966 2961 esse,
973 2906 1032 2961 quo
1041 2884 1138 2942 minus
1148 2882 1249 2941 eadem
1257 2901 1327 2961 pro·

235 2962 308 3024 bet?
329 2964 420 3023 immo
435 2966 609 3045 Anonymus
625 2970 774 3028 notandus
787 2980 848 3045 est,
869 2970 950 3047 quod
971 2966 1082 3026 Zosimi
1102 2965 1230 3046 scripta,
1252 2986 1328 3027 ver·-

233 3048 305 3117 bum
320 3068 336 3107 e
349 3049 457 3125 verbo,
477 3051 509 3109 in
524 3072 577 3109 sua
594 3054 756 3112 transferre
775 3074 838 3113 non
855 3052 1014 3113 dubitavit.
1056 3052 1111 3128 Et,
1122 3052 1164 3111 ,αἱ
1184 3051 1287 3128 fallor,
1309 3070 1328 3109 a

235 3134 341 3195 Plotio
355 3144 476 3194 notatus
492 3145 550 3212 est,
572 3135 712 3196 librarius
730 3158 803 3197 vero
819 3159 892 3198 voce
906 3138 1019 3198 inserta
1035 3146 1137 3197 notam
1152 3136 1274 3196 delevit.
1284 3165 1329 3184 -

236 3219 442 3279 Circumclude
457 3219 546 3281 verba
564 3223 696 3303 Θηβαῖος
707 3216 740 3285 d'
755 3214 796 3304 ἦν
813 3215 910 3300 οὗτος,
930 3224 1148 3301 Πανωττοίίτης
1161 3220 1252 3300 signis
1269 3240 1327 3299 pa-

236 3303 428 3381 rentlreseos,
449 3325 585 3384 expunge
602 3301 768 3386 prono'rnen
790 3302 844 3384 dc,
866 3318 896 3368 et
918 3310 1078 3385 coniunge:
1101 3302 1174 3370 tuat
1196 3304 1249 3368 καί
1270 3297 1330 3364 οίττό

237 3392 299 3450 τοῖν
315 3394 498 3469 χημευτιταῑν
515 3394 655 3471 Ζωσίμου
672 3387 767 3473 λόγων
785 3387 840 3457 οὐκ
851 3393 991 3469 ἐφείσατο
1006 3390 1044 3455 τὰ
1059 3387 1135 3454 αὐτοὶ
1147 3380 1329 3452 κατασκευαί·
1400 3418 1403 3422 ·

238 3475 308 3545 ζειν.
348 3476 473 3534 Sensusz
498 3475 668 3555 Anonymus
680 3478 730 3537 ille
749 3499 810 3537 non
824 3480 923 3537 solum
942 3499 958 3539 e
977 3478 1096 3557 scriptis
1105 3472 1271 3556 gentilibus
1282 3480 1330 3529 te-

238 3555 376 3613 stimonia
391 3558 510 3637 collegit
527 3560 563 3620 de
575 3561 717 3641 religione
734 3562 912 3640 christiana,
932 3565 1137 3623 verumetiam
1150 3556 1330 3635 scriptaZo-

238 3638 317 3713 simi,
341 3640 517 3719 Christiani,
530 3646 654 3705 verbum
668 3649 729 3706 fere
743 3667 759 3706 e
772 3647 863 3708 verbo
877 3658 1011 3727 repetere
1023 3664 1086 3704 non
1101 3640 1259 3715 dubitavit,
1280 3648 1329 3699 at-

240 3740 298 3800 que
312 3723 429 3799 eadem,
450 3747 522 3803 quae
535 3729 670 3789 Zosimus
682 3732 740 3791 iam
757 3733 791 3789 in
809 3733 895 3791 libris
915 3732 976 3791 suis
1002 3725 1138 3787 chimicis
1162 3723 1328 3804 collegerat,

239 3806 348 3865 iterum
367 3826 549 3886 comparare:
570 3815 602 3871 in
617 3816 723 3892 quibus
738 3836 754 3875 e
770 3818 887 3875 Zosimo
909 3812 1059 3891 excerptis
1075 3818 1105 3869 et
1123 3808 1330 3871 hebraicorum

242 3890 427 3972 scriptorum
442 3885 570 3975 (λόγων,
591 3917 653 3955 non
668 3898 787 3977 λέξεων)
807 3897 1083 3978 interpretationes,
1105 3903 1135 3953 et
1152 3894 1229 3957 vitas
1245 3898 1330 3977 Apo-

307 4072 362 4110 sum
378 4053 471 4109 vertite
487 4058 599 4121 „Aesim
613 4057 718 4127 insuper
734 4062 797 4113 odio
809 4064 903 4126 soooro
923 4066 951 4115 et
968 4059 1101 4115 herbarum
1122 4060 1253 4114 radicibus
1273 4056 1332 4111 aliis

307 4126 401 4179 ‹lmnna
414 4142 507 4195 parare
524 4124 576 4177 dux
589 4128 719 4195 aperuit.“
753 4129 872 4181 Coniioio
884 4130 1006 4199 seriptum
1015 4128 1093 4183 brisso
1104 4127 1229 4196 ἐδίδαξεν
1242 4125 1331 4196 ἔτερ-

221 4198 222 4202 ’
307 4196 408 4263 μυίας
424 4190 496 4249 κατὰ
511 4196 564 4249 τοῦ
579 4194 646 4258 νοός
661 4195 679 4248 i.
693 4214 716 4252 e.
728 4196 816 4251 docuit
828 4198 952 4263 rationes,
969 4198 1061 4269 quibus
1072 4198 1154 4254 animo
1169 4197 1258 4251 noceri
1269 4214 1331 4267 pos·

308 4268 365 4327 set,
382 4270 549 4333 naturamque
568 4264 682 4321 radicum
702 4266 849 4334 herbarum,
874 4267 1063 4339 narraremus
1079 4268 1154 4324 modo
1170 4266 1198 4321 iu
1216 4266 1331 4321 bunum

308 4330 413 4385 aliorum
427 4336 466 4387 uti
479 4332 572 4405 prussis.
