3109 4959
252 429 330 505 toa
621 402 980 510 ιιιιιιιιιιιοιιιι.

253 605 448 680 exponentes.
496 593 662 674 Scaliger
651 618 685 658 ιιι
712 597 871 658 adversum
900 597 977 657 abit·
1006 605 1052 676 ιι,
1074 599 1179 678 Puto,
1200 596 1262 676 ait,
1282 618 1346 663 uot.

252 703 321 766 pa.g
328 683 424 748 Μ
411 704 445 740 m
456 681 537 742 Iidro
545 682 602 741 illo
616 685 750 762 origines
761 695 918 742 contentae
922 685 1038 762 furcae
1041 695 1080 744 ιιι
1083 706 1192 764 prema
1200 687 1349 764 pompei·

254 788 297 827 me
293 765 382 825 libri
396 768 495 826 Mesia
507 764 625 826 dicitur
637 779 739 851 ιιηιη
751 783 810 830 eata
825 771 929 848 βίβλος
942 763 1057 850 ysaensi.
1100 769 1166 830 lma
1176 792 1234 849 per
1247 765 1351 851 praede

252 849 685 932 Mmtlaodigeaaitte'mporo
698 875 766 913 aua.
810 853 983 934 llaecapud
1005 873 1053 914 me
1072 856 1223 931 valerent,
1247 875 1272 914 aa
1264 853 1352 914 Hi-

252 937 394 1014 storiam,
415 957 478 1005 uon
501 938 700 1016 Astrologiam
721 960 759 1001 τα
751 933 885 1001 sturmi
907 948 1090 1019 spectarent·
1110 959 1214 1000 verum
1231 939 1351 998 sabula-

251 1041 320 1084 aum
343 981 394 1082 ab,
398 1021 534 1082 duthore
547 1024 675 1102 Georgia
695 1022 920 1084 axaulssataaurn
943 1025 1033 1086 etiam
1049 1026 1081 1085 in
1101 1025 1239 1086 fabuloso
1262 1023 1352 1085 Mer-

251 1107 338 1170 curio
352 1108 641 1189 Scaligerorsgiaea
659 1118 877 1189 perscrutatur.

336 1209 399 1274 Kal
410 1217 476 1285 auia
487 1210 681 1293 Eugamium]
705 1213 835 1272 Omnino
856 1222 900 1272 eat
913 1211 1036 1272 verbum
1049 1204 1219 1272 Arabicum
1244 1206 1352 1269 scribit

251 1293 392 1374 Scaliger.
423 1297 485 1356 Cur
497 1317 560 1357 non
575 1299 733 1372 Graecum,
750 1297 878 1368 etnobia
893 1317 932 1357 ex
945 1293 1099 1358 Herodoto
1114 1296 1168 1356 lib.
1177 1295 1207 1360 4.
1221 1299 1286 1373 cap·
1299 1297 1350 1360 19.

249 1381 381 1444 uotum'l
401 1381 517 1442 insulae
536 1383 675 1443 videlicet
696 1381 736 1441 ad
756 1382 898 1462 Lybiem,
919 1401 958 1442 ax
982 1403 1039 1462 qua
1062 1381 1228 1455 Mercurius
1249 1381 1351 1457 Aegy-

248 1465 333 1545 ptius
353 1465 411 1546 (ut
431 1467 630 1546 Hippocrates
652 1466 731 1525 cous
753 1466 890 1548 Coaxae)
911 1473 1021 1526 nomen
1037 1451 1179 1547 operibus
1194 1464 1349 1544 imposuit.

249 1548 371 1610 Atenim
389 1550 514 1611 meliora
529 1551 630 1632 placet
643 1569 680 1609 ex
693 1550 796 1610 allatii
816 1552 970 1632 rescriptis
985 1553 1161 1633 producere.
1204 1549 1352 1611 Memorat

250 1631 419 1694 Hermetem
440 1635 608 1696 Manetho
599 1657 632 1696 ιιι
653 1636 741 1696 rebus
759 1636 969 1716 Astrologicia‚
991 1647 1022 1698 at
1045 1657 1145 1696 annuo
1163 1635 1235 1695 solis
1254 1631 1351 1692 motui

250 1719 408 1781 subiectis·
438 1721 590 1796 Quocirca
615 1741 735 1796 causas,
757 1720 862 1782 ellectu
870 1721 985 1802 ,signa
1010 1721 1195 1800 Astrologica
1219 1727 1351 1778 tractare

249 1804 390 1884 auspicor
406 1802 462 1882 aeia
482 1803 677 1884 κυραννίδας.
719 1801 806 1867 Sicut
824 1808 924 1886 itaque
952 1803 1061 1870 Γενικᾶ
1081 1806 1132 1869 καὶ
1161 1805 1351 1886 Κιραννίδες

251 1889 438 1968 Astrologica
453 1891 614 1952 vocabula·
636 1912 698 1951 non
713 1890 796 1951 enim
813 1893 895 1954 aliud
914 1891 988 1951 mihi
1003 1903 1112 1952 sonant
1130 1912 1219 1970 quam
1232 1892 1350 1968 scriptu

154 1971 188 2031 P.
204 1975 239 2030 13
252 1972 300 2033 de
311 1974 403 2034 rebus
415 1980 586 2058 generatio,
611 1988 638 2036 et
655 1974 1022 2056 praedeterminants'bus,
1047 1979 1162 2037 aeils'eet
1180 1975 1292 2048 stellio,
1314 1973 1349 2029 in

249 2081 357 2119 eorum
371 2065 544 2124 nativitate.
580 2062 631 2123 lia
646 2062 792 2141 siquidem
806 2071 853 2122 est
866 2063 1033 2142 Astrologia
1047 2062 1170 2124 materia
1184 2018 1349 2120 semiliiris.

249 2145 346 2206 Taceo
364 2146 438 2226 quid
457 2141 564 2230 seipsae
576 2148 626 2208 vel
647 2143 725 2227 stood
741 2147 851 2208 nostris
872 2147 1030 2227 significet.
1073 2145 1202 2226 Ineptias
1219 2138 1350 2223 proseri-

247 2250 334 2306 mua,
356 2230 382 2291 ai
401 2231 456 2292 ad
464 2232 574 2293 Arabes
595 2231 647 2292 hic
665 2233 869 2296 recurrimus..
911 2233 1014 2308 Quid?
1037 2231 1147 2291 Arabes
1165 2227 1218 2307 qui
1238 2225 1350 2285 vivunt

248 2311 356 2388 laodic,
377 2336 437 2394 qua
453 2317 555 2395 lingua
569 2315 689 2396 pristini
708 2316 856 2378 Hermetia
869 2318 1019 2377 coaetanei
1040 2314 1218 2385 utebantur,
1239 2309 1350 2371 etiam-

247 2418 322 2460 num
337 2399 526 2477 loquuntur?
548 2399 735 2459 Hodiernum
753 2401 853 2467 Ceron
870 2400 1009 2478 scaligeri
1023 2399 1170 2460 Hermetis
1189 2395 1275 2476 operi
1289 2416 1350 2456 no-

247 2503 318 2544 men
331 2483 570 2563 antiquissimum
585 2485 685 2564 potuit
705 2484 873 2544 indidisse?
894 2483 1071 2560 Quodnam,
1093 2483 1197 2557 sodes,
1219 2481 1349 2540 Arabico

251 2568 352 2630 Ceron
367 2569 554 2633 etllermetis
575 2569 726 2645 Astrologi
744 2573 813 2652 Kasp
815 2569 915 2632 curios
931 2568 1165 2630 conumerciuml
1188 2526 1289 2628 Unum
1303 2576 1350 2627 ta·

247 2674 317 2714 men
331 2654 417 2714 alteri
438 2655 625 2736 comparavit
638 2654 780 2753 Scaligen
796 2594 901 2714 ρΗίιιο
915 2653 968 2714 ille
983 2654 1075 2734 mira,
1078 2699 1080 2702 -
1095 2653 1168 2716 hina
1183 2652 1303 2732 antiqua
1317 2659 1350 2711 et

170 2815 173 2821 Ι
247 2740 382 2800 obsoleta
394 2741 522 2802 revelat
544 2761 607 2800 uon
620 2761 715 2817 nova,
736 2739 866 2818 utinam,
889 2749 920 2800 et
936 2739 1020 2799 falsa.

325 2861 393 2936 Peg·
415 2862 468 2925 36
489 2853 836 2938 Συνῆξενχρόιοαέτῶν
842 2851 949 2953 giapff.
951 2856 964 2934 J
985 2857 1028 2915 lta
1041 2854 1192 2935 exenrplar
1209 2852 1349 2915 tatinum

247 2961 307 3020 quo
333 2943 465 3018 Scaliger
491 2951 536 3001 est
555 2962 643 3002 ιιιιιιι
666 2941 847 3000 Pantanus
838 2960 872 3000 m
893 2959 1005 3000 autrum
1030 2941 1160 3000 alterum
1180 2938 1350 3000 viceuualia

246 3027 436 3088 comtautini
447 3025 557 3088 differt.

328 3123 417 3193 Ἐιι
462 3152 538 3191 κατα
530 3120 688 3208 alcima]
709 3128 812 3189 Partes
833 3125 974 3188 Chronici
996 3125 1084 3194 duas
1092 3125 1165 3186 fecit
1185 3125 1349 3187 Eusebiuas

195 3263 198 3267 .
246 3214 401 3322 priorem
411 3132 530 3275 ,father
556 3227 654 3316 nuper
687 3213 858 3294 appellabat
885 3207 1166 3289 ἀνακεφαλαίωσιν,
1187 3211 1350 3271 secundans

245 3320 348 3375 ιιιιιιι,
369 3296 403 3363 ad
420 3323 495 3364 asoto
489 3293 619 3374 πλάτος
636 3322 774 3379 χρονικοι
787 3307 886 3360 vocat.
928 3297 1089 3376 Utriusque
1103 3306 1218 3376 partem
1238 3315 1348 3391 scopus

246 3395 293 3445 eat
319 3346 414 3460 idem,
438 3400 599 3457 regnorum
627 3384 769 3444 videlicet
792 3393 820 3443 et
844 3383 1016 3456 hominum,
1041 3399 1168 3457 quorum
1185 3382 1348 3458 praecipua

246 3481 383 3548 superest
401 3470 433 3526 in
450 3463 616 3526 ‘Chronicia
639 3489 697 3525 rues
700 3469 800 3540 ιιοιίιι,
823 3468 950 3542 origines
978 3485 1012 3521 ac
1032 3463 1176 3522 terminos
1196 3481 1250 3558 per
1265 3471 1348 3521 certa

245 3562 415 3657 temporum
431 3552 590 3610 intervalla
605 3561 635 3608 et
650 3551 740 3608 series
754 3549 907 3608 ordinatas
921 3567 1083 3608 recensere.
1118 3547 1153 3604 ld
1165 3547 1262 3628 prima
1277 3565 1348 3624 para

246 3631 520 3741 &exspui-asoarius·
544 3635 676 3694 bretitea
704 3643 734 3693 et
765 3635 937 3692 suanrnatim
969 3631 1159 3713 perstringit:
1184 3633 1347 3710 posterior,

244 3747 321 3786 κατα
313 3716 464 3796 πλάτος,
486 3719 624 3779 diffusius
641 3729 671 3778 et
690 3718 855 3778 ordinatius
872 3718 1015 3797 explicat
1060 3717 1101 3776 lta
1113 3717 1243 3792 amin-01
1258 3736 1348 3796 garae-

246 3818 359 3869 aentem
375 3799 518 3876 Authuria
533 3805 657 3865 Ιοοιιιιι
649 3826 680 3863 ιιι
693 3804 922 3864 Eusebianarurn
933 3802 1221 3868 animadversionum
1237 3821 1349 3880 pr-ooa

245 3895 307 3954 mio
331 3895 472 3954 reserent.
517 3891 612 3952 Partis
630 3889 786 3969 utriusque
802 3888 900 3950 ideam
920 3890 954 3948 in
971 3889 1073 3948 latina
1087 3886 1290 3966 Hieronymi
1279 3907 1348 3948 ver.

246 3980 329 4040 aione
339 3981 436 4040 lector
444 3977 708 4057 contemplabitur

331 4076 422 4160 Πλὴν
448 4081 501 4145 καὶ
535 4073 686 4159 Εὐσέβιος
713 4075 765 4140 eat
784 4069 971 4158 Ἶοίσηιιπος]
1000 4072 1058 4136 Ubi
1080 4071 1263 4134 asseruerint
1283 4093 1349 4134 nou

245 4174 337 4225 extat.
387 4167 533 4246 losephua
559 4165 679 4245 quidem
709 4165 872 4238 Berosum,
900 4162 1136 4239 HierQorsymum
1157 4161 1216 4218 Δια
1200 4157 1349 4236 gyptiuan,

202 4279 214 4300 ·
245 4251 405 4326 dionaeam,
428 4261 458 4311 et
476 4252 630 4312 Nicolaum
648 4250 860 4308 llamaeccnuna
874 4247 910 4305 de
925 4245 1039 4304 diluvio
1055 4253 1085 4304 et
1099 4263 1167 4302 arca
1184 4244 1350 4302 scribentes

244 4336 369 4395 adducit
382 4336 492 4416 capul.
507 4336 588 4398 atde
604 4334 825 4397 Chaldaeorum
839 4343 908 4394 aute
922 4329 1094 4397 diluvium
1083 4329 1223 4412 imperio,
1238 4350 1276 4388 ue
1292 4347 1349 4388 ve-

243 4421 366 4501 stigium
379 4421 510 4500 quidam.
