3109 4959
160 494 163 507 ,
267 409 345 481 aso
611 415 957 505 annonarionss

270 573 344 633 sdeo
368 571 601 653 interpolmom,
627 595 717 655 quam
738 595 815 634 nova
838 594 874 634 ox
893 572 1001 634 incudo
1021 571 1220 654 prodeuntem
1237 585 1354 636 textum

269 658 389 719 viderer
416 659 663 740 deprompturus,
692 679 759 719 cuns
786 661 946 719 contractis
966 679 1005 719 ex
1026 660 1086 725 MS.
1109 658 1271 722 defectibus
1291 682 1356 742 po-

269 745 330 802 tius
351 762 439 821 quam
467 764 546 804 nova
572 753 602 804 ct
620 746 719 803 forsan
743 765 806 803 non
829 745 945 803 cunctis
961 743 1109 824 placitura
1131 745 1264 804 Minerva
1281 765 1357 826 por-

269 837 332 886 tem
353 829 532 906 Syncelliani
553 831 652 908 operis
672 829 861 911 praecipuam
882 838 944 888 aste
963 829 1055 888 nimis
1073 838 1286 900 transmutare,
1307 829 1356 889 vel

270 911 330 991 ipsi
345 912 473 972 Authori
492 935 553 972 non
572 913 792 992 agnoscendum
813 915 925 973 foetum
944 915 1111 993 producere
1130 915 1231 976 statui.
1273 914 1357 986 Quos

248 1015 251 1019 ·
269 1015 363 1076 porro
384 998 558 1057 sinceriores
583 1008 613 1057 et
634 999 806 1074 integriores
828 1018 966 1057 saunieros
987 998 1110 1078 probem
1130 999 1155 1058 si
1180 997 1356 1077 quaesieris;

268 1079 392 1153 totales,
422 1103 478 1141 ceu
501 1083 556 1160 qui
575 1083 632 1141 sibi
650 1083 742 1159 magis
763 1082 962 1159 consentiant,
984 1093 1014 1142 et
1036 1103 1114 1142 unus
1134 1083 1219 1142 alteri
1239 1082 1356 1140 additus

173 1168 205 1220 Ρ.
225 1169 258 1225 19
275 1174 463 1245 expectatum
475 1167 610 1227 ordinem
625 1176 761 1243 teneant,
782 1167 980 1247 probatiores,
1003 1167 1039 1226 de
1056 1188 1115 1247 quo
1131 1177 1162 1226 te
1176 1167 1357 1226 monendum

270 1249 362 1324 duxi,
382 1251 559 1332 respondeo.
601 1252 716 1330 Reliqui
731 1252 815 1311 arinis
828 1273 844 1310 o
859 1252 962 1312 mundi
976 1252 1115 1328 conditu,
1140 1251 1290 1330 imperiis,
1311 1270 1357 1309 ae·

269 1332 399 1410 tatibus,
421 1337 556 1415 personis
572 1337 754 1415 comparari,
775 1336 890 1396 debitae
908 1346 1032 1416 possunt
1048 1336 1210 1414 integritati
1231 1334 1357 1396 restitui.

359 1417 403 1480 Tei
413 1425 469 1500 τῆς
481 1415 602 1502 πρώτης
616 1422 791 1495 δυναστείας
805 1417 883 1483 οὕτω
903 1420 998 1502 πως.]
1020 1421 1232 1500 Aegyptiorum
1255 1439 1359 1498 regum

269 1504 426 1582 liparastias
441 1514 549 1564 aetates
568 1515 754 1586 aetatemque
768 1525 896 1566 summas
913 1526 951 1566 ex
967 1505 1143 1566 llanethorre
1157 1505 1288 1585 primum
1304 1505 1359 1562 de-

271 1597 425 1667 promptas
438 1590 601 1648 secundum
615 1591 759 1667 geminam
776 1590 910 1650 Africani
929 1601 959 1649 et
971 1590 1088 1650 Euseliii
1107 1591 1264 1650 editionem
1280 1588 1360 1648 relo-

271 1681 359 1731 turns
372 1672 490 1734 Aether
503 1675 663 1752 Georgius,
686 1696 748 1734 non
763 1696 825 1735 nno
840 1695 921 1734 rrexu
935 1685 965 1735 et
981 1685 1178 1753 consequente
1194 1674 1232 1732 ad
1245 1674 1359 1753 priores

270 1757 372 1816 voluit
378 1758 568 1836 exponendas
577 1759 690 1836 ordine,
697 1761 770 1819 adeo
780 1771 813 1820 ut
823 1771 945 1819 cunctae
958 1760 1058 1834 simul,
1068 1769 1160 1839 prout
1171 1759 1207 1818 ab
1218 1758 1359 1817 Atricono

270 1843 322 1901 vel
328 1843 455 1916 Eusebio
469 1845 657 1923 prodiissent,
666 1847 828 1924 proferrem
845 1845 1010 1924 quinimmo
1022 1847 1102 1903 selae
1113 1865 1144 1903 se
1156 1854 1261 1903 mutuo
1275 1863 1361 1901 com·

271 1937 406 2005 paratos,
429 1937 459 1986 et
473 1929 560 1988 modo
575 1950 666 1990 unam
679 1931 726 1988 vel
738 1933 841 2009 plures
854 1929 1017 1989 secundum
1031 1930 1214 2002 Africanum,
1235 1948 1304 1986 cum
1319 1927 1359 1984 al-

272 2020 336 2070 tera
348 2014 399 2072 vel
412 2014 475 2092 pari
492 2035 612 2074 nnisiero
625 2015 660 2071 ab
675 2016 801 2074 Eusebio
814 2015 926 2090 editis,
939 2024 968 2073 et
984 2034 1075 2074 unam
1086 2013 1169 2072 velut
1182 2012 1270 2070 alteri
1285 2031 1301 2069 e
1314 2030 1359 2070 re-

274 2096 362 2172 gione
377 2100 541 2176 appositam
566 2101 653 2158 nobis
675 2099 819 2159 exhibuit.
861 2101 958 2173 Quam
979 2119 1070 2178 porro
1094 2096 1300 2177 perturbatus,
1323 2115 1360 2153 ne

275 2181 373 2238 dicam
389 2186 546 2258 contusus,
568 2185 675 2243 exinde
688 2194 788 2244 textus
799 2186 940 2259 evaserit,
962 2185 1013 2243 ubi
1028 2185 1063 2242 ab
1074 2183 1163 2240 unius
1177 2179 1311 2239 authoris
1322 2179 1362 2237 od

274 2265 395 2324 alterius
409 2269 520 2347 scripta
534 2279 632 2346 mente
643 2291 733 2329 sisaim
747 2270 843 2328 oculis
857 2269 1058 2348 migrandum,
1081 2276 1110 2325 et
1122 2265 1224 2325 alienis
1238 2263 1362 2342 quibus-

273 2349 341 2407 dam
356 2353 538 2412 intermixtis
550 2355 605 2412 alia
619 2355 769 2433 prioribus
786 2353 971 2412 cohaerentia
987 2351 1110 2412 inferius
1124 2352 1172 2411 vel
1188 2349 1259 2408 alibi
1272 2368 1361 2428 quae-

273 2434 383 2511 renda,
405 2446 505 2497 textus
519 2437 598 2496 idem
612 2457 665 2497 suo
686 2449 849 2518 conspeetu
866 2438 1042 2498 manifestat.
1071 2434 1241 2516 Sequendus
1261 2442 1360 2492 tamen

273 2517 400 2595 Author‚
422 2532 451 2581 et
464 2522 550 2600 quale
562 2524 677 2601 peperit
689 2545 765 2602 opus
778 2524 953 2598 curandum,
976 2533 1005 2582 et
1019 2521 1152 2581 omnium
1169 2518 1263 2578 oculis
1281 2517 1373 2578 evul..

273 2603 413 2679 gundum.
455 2611 531 2664 Sarte
552 2608 626 2666 levis
650 2609 759 2685 negotii
781 2618 843 2667 erat
868 2608 906 2667 ob
934 2609 1135 2686 interruptum
1160 2603 1295 2664 Africani
1312 2602 1361 2661 vel

275 2689 395 2748 Eusebii
411 2689 562 2766 ordinem,
584 2702 619 2750 ut
634 2693 771 2752 laterculi
794 2693 922 2752 eiusdem
943 2704 1042 2772 partes
1063 2691 1142 2750 inter
1160 2709 1192 2746 se
1213 2705 1361 2747 connesnu

276 2791 446 2848 quaereres,
469 2778 505 2834 ab
522 2775 579 2835 lroc
596 2777 724 2836 inillam
746 2779 853 2856 pagina
874 2779 998 2854 legendo
1021 2773 1215 2856 pertransire,
1236 2769 1293 2827 nisi
1309 2768 1361 2826 Li·

138 2916 140 2920 ,
178 2859 209 2910 V.
220 2857 261 2938 Ι18
278 2854 394 2916 buarius
406 2860 545 2938 insuper,
567 2870 635 2938 post
649 2863 832 2933 intes-scissos
846 2872 962 2936 textus,
983 2869 1082 2939 partes
1098 2874 1199 2914 eorum
1221 2853 1259 2911 ad
1279 2852 1363 2911 invi·

275 2960 338 2999 cern
352 2951 434 3000 tanta
449 2943 623 3001 confusione
634 2964 684 3002 sus
699 2946 793 3022 deque
812 2938 977 3022 posuisset,
999 2951 1033 3000 ut
1043 2942 1107 3000 sino
1121 2937 1205 3017 gravi
1217 2937 1362 3014 molestia,

273 3027 416 3106 temporis
427 3028 551 3102 iactura,
560 3037 591 3086 et
602 3029 734 3086 taedioso
748 3028 860 3097 labore,
869 3036 914 3084 tot
924 3025 1059 3085 scissuris
1073 3026 1363 3090 varietatanavestem

273 3112 325 3171 vel
339 3132 516 3192 componere
534 3114 583 3171 vel
596 3132 739 3172 consuere
758 3112 816 3170 iarn
832 3132 908 3192 peno
921 3131 982 3170 rron
996 3111 1105 3170 valeas.
1146 3107 1261 3167 Primae
1283 3106 1363 3165 diffi-

276 3196 381 3255 cultati
397 3197 559 3272 tollendae,
581 3196 761 3276 quodnequi
782 3197 913 3274 bonique
929 3197 1095 3255 consultum
1111 3214 1127 3250 o
1144 3201 1175 3251 te
1188 3192 1294 3250 Lector
1312 3211 1363 3250 ve·

274 3281 346 3355 lim,
367 3283 423 3341 luit
438 3283 524 3357 satis,
544 3302 605 3341 uno
622 3283 825 3342 characterum
842 3301 955 3359 genere,
977 3279 1057 3358 quod
1070 3278 1160 3336 unius
1175 3275 1306 3334 autlroris
1319 3285 1363 3333 est

276 3364 454 3442 exprimere,
476 3369 554 3445 quod
569 3368 605 3426 ab
617 3369 710 3426 altero
725 3367 838 3447 prodiit
851 3369 960 3425 iterum
972 3365 1090 3424 diverso
1103 3361 1234 3434 reddere,
1256 3370 1285 3418 et
1298 3368 1363 3416 tan-

277 3451 344 3509 denr
360 3451 437 3527 quod
452 3451 594 3529 Georgius
614 3454 651 3512 de
672 3472 726 3511 suo
746 3453 929 3511 intermiscet
949 3449 1044 3509 solitis
1065 3448 1146 3527 typis
1164 3443 1362 3503 exhibendum

277 3555 402 3609 curare,
424 3554 484 3611 quo
502 3557 583 3595 metis
599 3536 663 3616 ipso
676 3538 745 3596 visu
767 3537 857 3596 citior
880 3534 1077 3594 diversitatem
1100 3529 1244 3610 pereipiat
1263 3528 1363 3585 anim-

276 3621 497 3680 advertendam.
534 3621 643 3681 Verum
656 3623 839 3701 reparandae
851 3619 1063 3678 sententiarum
1075 3613 1204 3674 eiusdem
1218 3611 1361 3687 authoris,

278 3704 327 3763 vel
350 3705 436 3762 etiam
453 3704 628 3781 utriusque,
648 3706 817 3766 confusioni
831 3727 849 3763 a
865 3704 994 3763 librario
1011 3701 1100 3760 variis
1116 3699 1189 3758 locis
1203 3717 1361 3776 respersae,

279 3811 353 3868 quae
365 3800 506 3868 typorum
518 3792 569 3848 vel
584 3790 788 3851 charamerum
803 3789 944 3866 varietas,
966 3808 1040 3866 quae
1053 3784 1164 3844 monita
1177 3782 1362 3860 frequentius

278 3874 391 3953 ingesta
414 3875 595 3954 repetitaque
615 3896 732 3934 sensum
755 3875 861 3934 ordine
882 3875 1063 3954 quaesitum,
1083 3869 1136 3928 ubi
1155 3868 1257 3926 nullus
1278 3867 1361 3942 ordo,

278 3959 501 4018 restituissent?
516 3959 665 4031 Quocirca
677 3981 764 4037 quem
776 3952 821 4018 ex³
829 3959 948 4036 Georgii
963 3953 1060 4015 mente
1072 3951 1230 4032 verbisque
1241 3951 1363 4032 percepi

278 4045 473 4118 servandum,
493 4043 605 4104 audens
619 4044 651 4101 in
667 4045 796 4103 eiusdem
810 4054 910 4104 textus
924 4041 1057 4122 partibus
1072 4038 1207 4099 ordinem
1220 4036 1361 4095 restituo:

279 4149 316 4187 ac
329 4138 445 4188 textum
458 4129 584 4208 quidem,
608 4138 698 4205 prout
712 4129 743 4187 in
759 4129 819 4188 MS.
834 4137 925 4202 extat,
946 4124 1152 4207 perturbatum
1166 4133 1195 4181 et
1208 4123 1363 4181 confusum

278 4215 379 4293 prius,
400 4215 492 4275 alium
507 4214 632 4274 subinde
646 4214 854 4274 correctiorem
870 4213 946 4273 etin
961 4209 1112 4270 meliorem
1133 4206 1267 4268 ordinem
1280 4205 1363 4283 dige-

280 4308 356 4357 stum
371 4299 572 4378 producturus
584 4319 710 4378 expono.
752 4301 852 4379 ltaque
863 4307 931 4379 post
943 4297 1033 4356 verba
1048 4293 1161 4353 anobis
1171 4290 1204 4350 in
1218 4288 1363 4372 praesenti
1407 4358 1409 4362 ι

281 4385 440 4445 lucubrata
451 4394 482 4444 et
494 4383 534 4444 ad
549 4385 675 4465 primam
690 4389 856 4447 secuudum
865 4383 1037 4445 Africanum
1047 4376 1218 4461 Dyuastiam
1230 4384 1362 4457 spectau-
