3109 4959
563 421 619 492 ET
641 422 990 492 ANNOTATIONES.
1115 463 1121 470 ν
1238 415 1313 492 487

203 573 205 579 .
229 577 418 640 desolationis
432 579 492 656 egit
505 579 674 651 Sabbatum,
696 581 878 659 usquedum
894 583 1116 663 complerentur
1129 536 1315 665 reptmpinh

228 665 307 722 anni.
351 661 438 736 Quod
465 666 508 723 sic
531 665 663 741 equidem
689 665 916 744 intelligendum
941 678 1033 748 puto,
1059 670 1144 748 quasi
1164 671 1313 731 totenais

129 745 135 749 ”
227 756 303 805 terra
329 748 470 806 manserit
489 749 616 823 inculta,
645 760 719 828 quot
743 771 835 810 annos
861 751 1032 812 sabbaticus
1053 753 1152 812 ludaei
1174 776 1192 812 a
1214 756 1312 835 primo

226 839 321 888 terrac
337 831 557 891 Chanaanitidis
573 835 707 912 ingressu
723 835 871 895 celebrare
886 838 1089 914 neglexerant:
1111 849 1145 897 ut
1157 837 1230 897 baec
1249 839 1314 918 ipsa

224 919 437 994 septuagenarii
452 917 566 976 numeri
579 919 666 978 toties
678 921 859 980 recurrentis
871 922 1058 982 concinnitas
1069 943 1207 1002 magnum
1216 922 1313 984 videti

224 1002 319 1079 possit
335 1000 480 1059 iudicium
498 1014 630 1080 repertae
647 1004 790 1068 veritatis.

308 1088 493 1164 Σιοιχείιοσις
508 1080 658 1168 α’κριβής]
672 1089 772 1147 -llaud
790 1083 917 1169 ιὲιιριβῆς
932 1109 1008 1170 quae
1026 1088 1222 1170 paralogismo
1238 1091 1312 1151 niti·

224 1177 283 1228 tur.
305 1168 377 1228 Vide
389 1173 583 1248 penultimam
599 1184 711 1235 notam.
742 1174 916 1234 Emendatio
934 1195 1024 1255 porro
1038 1175 1155 1233 numeri
1171 1172 1203 1239 ε’.
1217 1175 1250 1235 in
1265 1171 1312 1257 ep'.

223 1253 367 1332 probatur
390 1255 423 1312 in
449 1258 596 1316 annotatio
618 1258 657 1318 ed
675 1257 769 1338 ipsius
797 1259 892 1319 Ouiae
919 1259 1074 1320 historiam
1094 1279 1163 1342 pag.
1184 1265 1256 1328 277.
1278 1260 1311 1324 C.

224 1347 443 1400 occurrentem.
703 1378 705 1390 ·

306 1422 381 1500 Peg..
395 1427 465 1488 218.
492 1423 637 1508 Τίσσαρες
654 1419 834 1507 γεγόνασιν]
862 1426 908 1485 lta
920 1427 1009 1487 lectio
1025 1435 1165 1507 corrupte
1178 1425 1311 1488 restitui-

222 1514 274 1566 tur
290 1526 327 1566 ex
345 1513 372 1572 1.
395 1507 489 1569 l’aral.
512 1531 576 1590 cap.
597 1515 627 1576 3.
650 1531 678 1569 v.
696 1497 751 1575 15.

305 1590 338 1653 ‘0
359 1590 411 1654 καὶ
429 1586 583 1676 Ἰεχονίας]
605 1594 685 1654 llaec
700 1601 767 1652 cu'm
782 1615 873 1676 supra
887 1594 993 1676 positia
1006 1614 1074 1675 pag.
1089 1599 1159 1662 216.
1175 1595 1211 1654 D.
1224 1614 1310 1655 cem·

234 1677 361 1734 seranda.
584 1676 587 1682 '

220 1695 234 1754 Ι
296 1756 379 1820 Ἔτει
390 1761 488 1847 τρίτῳ,
511 1761 567 1836 ἕως
579 1767 635 1824 τοῦ
647 1756 780 1843 ὀγδόου]
801 1763 981 1838 (ὶιιοιλοιῑῐο,
995 1783 1054 1839 qua
1068 1771 1175 1838 quarto
1187 1761 1307 1822 scribit:
1350 1790 1354 1800 ·

220 1842 308 1900 tertio
323 1844 463 1902 nimirum
480 1847 639 1922 complete,
661 1856 690 1902 et
710 1848 830 1903 ineunte
846 1857 963 1922 quarto.
996 1846 1096 1902 Altera
1115 1845 1195 1902 linea
1215 1865 1308 1925 eupe-

219 1926 315 1995 riore,
342 1922 468 1987 needed
488 1927 642 2006 τίταριονι
676 1927 727 1986 bic
750 1929 925 2007 ἔτειὲτρίτῳ.
970 1927 1128 1988 Adeundus
1148 1930 1258 1990 clarior
1277 1940 1309 1991 et

220 2011 400 2070 emendatior
415 2018 515 2069 textus
532 2031 595 2091 pag.
616 2007 687 2077 221.
703 2011 734 2071 C.
749 2023 778 2071 et
792 2013 910 2071 tabulae
926 2011 1065 2070 Clrronol.
1081 2033 1147 2091 pag.
1163 2012 1235 2080 476,

302 2095 369 2171 l'tg.
391 2099 462 2160 219.
482 2089 725 2176 ’stnepoeealet-di
745 2093 797 2158 adr
814 2090 994 2175 Σαλαθιήλ]
1022 2099 1404 2178 Loeuscorruptue‚1’.60

219 2187 249 2239 et
268 2177 387 2238 sibimet
404 2178 526 2238 adversa
546 2179 704 2242 continens
724 2179 782 2240 lroc
802 2192 890 2260 preto
910 2182 1086 2240 restituitur.
1129 2175 1308 2263 ιὲιιαγορειίει

220 2261 253 2327 δὲ
274 2260 326 2326 τὸν
344 2260 500 2340 Σαλαθιήλ
523 2257 583 2329 dne*
603 2267 746 2327 Σεδεκίαν
765 2269 925 2345 τεχθῆναι,
947 2263 988 2336 ele
1007 2267 1168 2344 fideiussori
1182 2271 1226 2350 τῷ
1243 2271 1310 2351 Θεῷ

219 2341 393 2432 γεγονότος,
419 2342 486 2409 ἀλλ’
506 2343 567 2412 e'nd
589 2342 734 2428 Ἰωαχελμ,
756 2345 794 2411 ὃν
815 2348 868 2410 καί
884 2343 1024 2428 Ἰεχονίαν
1037 2354 1130 2413 καλεῖ.
1173 2350 1309 2411 Sedecim
1402 2413 1405 2418 ,

220 2435 298 2492 enim
306 2478 316 2508 ,
335 2451 389 2490 ceu
405 2431 464 2492 lleo
480 2453 594 2505 exosus,
616 2435 724 2511 quique
738 2431 770 2491 in
781 2433 964 2513 Babylonem
978 2433 1124 2492 abductus
1137 2443 1205 2513 post
1218 2435 1308 2496 breve

217 2517 360 2596 temporis
381 2517 510 2595 spatium
533 2538 550 2575 a
572 2517 847 2577 Nabuchodonosor
870 2517 988 2578 victore
1012 2519 1079 2576 neci
1103 2517 1233 2579 traditus
1261 2527 1307 2578 est

219 2621 288 2660 curn
308 2599 391 2674 filiis,
413 2601 632 2662 successoribus
652 2604 760 2663 caruit:
784 2623 877 2682 nepos
889 2611 986 2661 autem
1005 2602 1068 2661 eius
1083 2601 1230 2679 loaebim,
1251 2603 1303 2682 qai

218 2695 248 2746 et
271 2683 437 2759 lechonias,
468 2685 671 2746 novemdecim
701 2687 787 2746 amris
812 2687 898 2766 prius
919 2687 950 2746 in
967 2687 1167 2764 captivitatem
1187 2688 1304 2766 missus,

217 2770 328 2830 liberos
355 2768 492 2847 reliquit:
529 2779 558 2828 et
588 2770 723 2829 ieremias
749 2770 821 2831 lieet
845 2771 882 2830 de
907 2770 960 2828 illo
985 2770 1075 2829 luerit
1097 2771 1304 2848 comminatus,

219 2875 283 2934 cap.
305 2859 356 2920 22.
379 2873 406 2914 v.
427 2856 478 2918 30.
521 2854 623 2914 Scribe
644 2859 743 2913 virum
768 2857 860 2914 iatum
881 2855 1027 2929 eterilem,
1055 2857 1171 2931 cirum,
1196 2858 1250 2934 qui
1268 2858 1304 2914 ιἰι

218 2937 326 2998 diebus
339 2941 405 2995 saie
415 2958 474 2997 ιιοιι
484 2939 728 3018 prosperabitur:
748 2961 801 2996 nee
814 2942 893 2997 enim
910 2942 958 2998 νίι·
970 2942 1026 2998 erit
1046 2937 1084 2997 de
1101 2942 1210 2998 semine
1225 2941 1302 3014 eius,

218 3025 272 3102 qui
295 3021 396 3079 sedeat
422 3044 512 3102 anper
532 3026 645 3082 solium
664 3023 773 3083 David
790 3035 818 3083 et
834 3035 1014 3103 potestatem
1027 3024 1137 3082 ίιαίιεαί
1153 3027 1186 3083 in
1202 3034 1301 3082 terra:

216 3108 248 3166 in
261 3127 294 3165 eo
310 3106 483 3164 vaticinium
500 3109 681 3187 completum
695 3117 756 3184 est,
776 3109 858 3187 quod
874 3111 952 3186 regia
973 3109 1116 3185 dignitate
1132 3128 1192 3166 non
1212 3107 1303 3167 suerit

217 3198 338 3252 ornatus
353 3189 433 3247 titius
446 3191 508 3248 eius
523 3192 693 3264 Zorobabel‚
709 3195 844 3268 quamvis
856 3194 997 3269 praelecti
1013 3200 1159 3270 potestate
1171 3191 1300 3250 dentatus

216 3275 434 3358 populicuram
455 3275 616 3350 susceperit
639 3279 665 3336 1.
688 3275 780 3336 l'aral.
797 3295 867 3354 ¹cap.
887 3280 918 3340 3.
939 3295 967 3332 r.
991 3278 1038 3340 15.
1060 3284 1089 3332 et
1111 3279 1159 3338 16.
1189 3275 1300 3334 Emen-

160 3367 163 3372 '
217 3359 365 3420 dationem
384 3358 560 3417 canlirment
575 3356 726 3436 superiora
745 3357 877 3415 eiusdem
902 3356 1077 3437 Hippolyti,
1105 3357 1143 3416 de
1165 3377 1226 3437 quo
1247 3357 1300 3419 bic

216 3444 348 3519 mentio,
368 3443 473 3502 rerba:
495 3441 549 3506 edu
567 3439 634 3505 vto'v
650 3436 780 3520 ’ίιοακελμ
798 3437 948 3521 Ἰωαχείμ,
969 3437 1023 3519 τὸν
1037 3440 1089 3504 eol
1100 3435 1238 3521 Ἰεχονίαν
1253 3441 1298 3504 λε’-

216 3524 263 3610 χεί
288 3523 361 3610 perol
382 3524 435 3590 τόν
457 3525 568 3606 πατέρα
593 3521 780 3608 κρατήσαντα
805 3530 1035 3607 μετοικισθῆναι
1056 3526 1100 3600 είς
1122 3529 1297 3606 Βαβυλῶνα.

216 3614 326 3688 Porro,
348 3620 382 3670 ut
396 3612 501 3688 loacinr
515 3615 577 3671 sive
591 3611 701 3670 leekim
717 3619 819 3689 pater,
837 3631 855 3669 a
869 3611 933 3669 lilio
945 3610 1078 3670 loacbim
1091 3611 1168 3670 alter
1182 3620 1239 3670 est:
1254 3611 1298 3670 its

215 3697 506 3773 gerninuslccbenias
521 3705 616 3755 mente
629 3695 897 3773 retinendus,unus
909 3696 959 3774 qui
968 3694 1091 3755 loacbaz
1102 3695 1194 3754 leriae
1206 3694 1296 3770 filius,

215 3790 245 3839 et
264 3784 341 3840 alter
359 3781 411 3859 qui
429 3779 556 3840 laaclrinr
569 3780 648 3838 filius
663 3779 781 3840 loecim.
823 3781 880 3838 llic
896 3778 1044 3839 lecboniae
1057 3780 1179 3838 alterius
1195 3798 1295 3860 nepos.

302 3869 363 3926 Τοῦ
378 3863 410 3926 dl
425 3859 536 3945 κόσμου
551 3858 667 3949 ,derbefll
685 3865 772 3924 Redit
793 3863 909 3924 Aether
924 3865 962 3922 ad
984 3873 1178 3944 expurgatum
1196 3873 1226 3923 et
1243 3883 1295 3923 re·

214 3967 283 4025 gum
299 3950 481 4028 temporibus
496 3949 673 4008 conmordent
694 3969 838 4008 annorum
855 3949 957 4006 mundi
972 3967 1127 4007 numerum
1143 3967 1294 4027 reponen-

215 4033 294 4092 dum.
318 4033 449 4092 Manasse
464 4035 571 4114 quippe
586 4033 940 4112 quinquagintaquinque
951 4033 1037 4090 annis
1054 4031 1188 4091 emundi
1201 4032 1293 4099 4795.

214 4116 251 4176 ad
264 4115 355 4180 4850.
369 4128 508 4193 regnante
517 4164 525 4194 ,
548 4119 636 4176 Amos
653 4119 735 4177 lilius
759 4139 775 4176 e
794 4118 885 4183 4850.
898 4117 936 4175 ad
952 4117 1043 4183 4852.
1059 4136 1180 4191 regnum
1196 4115 1291 4175 tenuit
1310 4121 1339 4175 V.
1354 4124 1390 4178 55

216 4199 344 4260 duabus:
368 4210 435 4276 post
449 4221 535 4280 quem
549 4203 637 4261 lorias
652 4203 736 4260 annis
750 4205 802 4268 31.
817 4223 834 4259 a
850 4201 954 4260 struendi
971 4202 1062 4266 4852.
1075 4202 1113 4260 ad
1127 4202 1219 4266 4883.
1234 4219 1294 4279 quo

217 4283 337 4345 losclrsa
353 4302 406 4340 rex
421 4284 590 4344 declaratus
607 4286 701 4345 tribus
716 4295 831 4346 tantum
846 4285 993 4344 mensibus
1008 4285 1040 4341 in
1055 4305 1163 4344 eranum
1177 4292 1295 4363 reputa.

215 4371 253 4431 tis
266 4378 382 4450 sceptro
405 4369 514 4448 potitus
531 4381 574 4430 est
583 4415 592 4444 ‚
615 4372 716 4431 mundi
732 4368 870 4430 nimirum
886 4373 975 4435 4883.
993 4367 1063 4430 heic
1076 4368 1215 4430 suecessit
1226 4368 1294 4428 loe-
