3109 4959
259 428 335 503 teo
615 433 984 528 ‚eumenemonns

259 595 352 673 culis,
373 597 445 660 600.
467 601 565 654 autem
582 612 619 652 ex
636 591 752 657 Eusebii
768 602 910 674 competo
931 591 1052 670 colliget
1067 589 1199 670 Autber,
1221 613 1349 652 summa.

258 680 312 740 tim
327 677 526 759 operiendum.
553 679 598 738 Ac
613 677 731 737 Eusebii
747 679 868 758 quidem
885 697 972 756 quern
986 678 1083 756 prime
1097 687 1241 736 rnenrorat
1254 680 1353 738 Geor-

258 765 341 840 gius,
363 771 392 821 et
411 762 547 834 obiecto,
577 763 659 842 quod
683 774 795 822 vocent
812 763 850 821 ed
868 763 1034 839 bominem,
1063 762 1199 842 impetit,
1220 763 1351 822 rationes
1442 753 1450 774 '

257 847 316 910 boe
332 845 436 910 ordine
448 846 669 926 disponuntur,
691 857 726 906 ut
738 868 778 907 ex
791 848 827 907 iis
842 857 908 928 post
923 849 1083 905 discessum
1104 869 1143 906 ex
1164 847 1297 926 Aegypto
1312 848 1353 906 od

257 933 454 992 instauratum
474 951 570 1011 usque
583 933 728 1012 templum
747 937 819 999 600.
840 952 933 989 annos
953 932 1103 1013 collegisse
1121 934 1264 1009 Georgius
1281 952 1354 990 een-

257 1016 371 1078 cludet.
408 1016 515 1091 blesis,
537 1016 657 1077 emeris
671 1019 797 1076 transitu
813 1017 979 1091 adobiturn
996 1021 1047 1082 40.
1063 1019 1152 1091 eniri,
1175 1037 1248 1096 quos
1264 1016 1354 1095 penit

259 1100 404 1160 Eusebius
417 1100 448 1158 in
463 1099 628 1161 Chronico:
650 1111 715 1160 tum
728 1103 812 1160 losue
826 1103 1034 1182 praefecturae
1049 1105 1119 1161 anni
1128 1107 1182 1168 27.
1196 1122 1234 1159 ex
1248 1102 1354 1160 eedem

257 1175 405 1245 Glrroriico
420 1197 631 1248 recensentur:
653 1186 705 1245 llis
719 1185 812 1262 edde,
835 1187 921 1243 otiam
934 1187 1061 1246 Eusebio
1076 1188 1239 1261 renitente,
1261 1185 1352 1244 modo

256 1271 440 1346 Scripturem
463 1280 493 1330 et
515 1271 599 1330 Pauli
624 1270 714 1330 verbe
733 1291 796 1330 non
814 1271 968 1342 exsibilet,
1002 1270 1138 1329 ludicuin
1162 1291 1255 1328 annos
1277 1272 1351 1336 450.

256 1355 354 1414 Saulis
370 1354 477 1414 deinde
493 1355 673 1433 liavidisque
686 1375 788 1434 regum
805 1376 843 1413 ex
862 1358 995 1434 praelate
1012 1354 1161 1414 Chronico
1185 1375 1278 1412 ennos
1298 1359 1351 1420 80.

255 1447 321 1497 tum
340 1438 468 1517 denique
490 1439 656 1498 Salomonis
677 1449 755 1514 tres,
784 1451 891 1518 querte
914 1441 1027 1518 quippe
1048 1461 1127 1499 estne
1150 1439 1255 1519 templi
1279 1440 1351 1498 iecit

256 1521 466 1584 fundamenta:
488 1523 535 1583 his
551 1525 584 1583 in
598 1544 687 1583 utrem
701 1544 845 1583 summam
859 1525 1050 1598 coacervatis,
1065 1527 1197 1582 sexcenti
1211 1533 1351 1582 securata

254 1616 286 1667 et
305 1607 419 1684 integre
444 1609 634 1688 colliguntur.
677 1611 811 1688 Aequum
830 1609 920 1686 igitur
938 1611 970 1667 in
990 1609 1151 1669 Eusebium
1174 1610 1350 1667 sententiam
1472 1623 1477 1632 '
1534 1632 1535 1647 ν

256 1691 401 1770 Georgius
418 1692 507 1769 tulit,
530 1713 566 1752 ae
588 1713 651 1752 cem
672 1713 710 1752 cx
731 1715 825 1773 ecquo
840 1704 870 1753 et
885 1695 965 1752 beno
986 1696 1062 1752 seret
1080 1692 1349 1770 Scaligersdecet3

254 1796 387 1836 aeverem
402 1777 589 1857 quantumvis
606 1798 671 1858 peg.
687 1779 753 1838 Not.
767 1782 818 1845 57.
841 1789 1040 1857 conqueretur
1056 1777 1104 1838 hia
1119 1776 1227 1840 verbis.
1260 1777 1350 1836 Geor-

254 1864 331 1941 gius
350 1855 602 1943 Εὗσεβιομᾶστιξ,
624 1867 677 1942 qui
694 1864 776 1922 nteit
789 1867 884 1942 prius
908 1868 942 1922 iu
962 1863 1081 1922 deliciis
1100 1863 1228 1936 hebuit,
1256 1881 1353 1940 quam

257 1947 424 2006 Eusebium
443 1950 612 2027 exagitare,
636 1950 735 2026 plura
758 1949 901 2007 hocloco
924 1952 955 2007 in
982 1949 1151 2007 Eusebium
1172 1948 1288 2004 scribit.
1320 1945 1350 2004 Ia

257 2051 328 2090 eane
348 2041 393 2090 eet
412 2042 512 2092 noster
533 2032 694 2109 Georgius,
715 2053 753 2092 ne
767 2032 827 2091 lrec
842 2034 879 2092 de
898 2034 952 2092 illo
968 2035 1077 2092 tocitua
1095 2032 1293 2112 praeteream,
1314 2039 1350 2088 ut

258 2115 350 2174 elium
367 2115 558 2196 impetiturus
574 2117 793 2193 adversarium,
815 2127 861 2192 et,
882 2127 918 2176 ut
932 2118 1027 2192 aiunt,
1050 2117 1088 2174 sd
1107 2116 1255 2176 homiuem
1271 2125 1348 2173 stru·

258 2199 314 2258 etia
329 2201 507 2277 argumentis
523 2211 553 2260 et
570 2202 704 2261 eominus
717 2212 952 2282 oppugnaturus,
974 2221 1012 2259 ex
1026 2200 1097 2258 solis
1112 2200 1176 2259 eius
1189 2199 1275 2258 dictis
1288 2220 1350 2258 non

257 2295 418 2362 componet
441 2286 627 2360 mocltinem3
658 2287 709 2346 sed
730 2297 795 2345 tum
815 2305 853 2343 ex
874 2285 1013 2364 propria,
1040 2294 1106 2343 tum
1129 2306 1167 2343 ex
1187 2284 1349 2344 adversarii

257 2367 343 2446 sylva
361 2370 496 2447 colliget:
518 2372 584 2428 Uno
600 2370 691 2428 verbo
704 2369 884 2429 contrariam
899 2369 1125 2428 sententiantes
1140 2369 1246 2449 ipsius,
1265 2367 1348 2446 quod

255 2453 423 2532 promittit,
443 2453 544 2512 verbis
567 2453 785 2529 debellaturus,
811 2455 967 2534 proprium
984 2454 1106 2513 insimul
1122 2455 1261 2511 admiscet
1277 2471 1348 2507 seri·

255 2555 339 2612 au1e3
364 2547 394 2596 et
407 2546 472 2596 tum
488 2557 525 2597 ex
538 2539 677 2620 proprio,
698 2547 762 2597 tum
777 2558 815 2597 ex
829 2537 994 2614 adversarii
1008 2558 1109 2610 seusu,
1131 2535 1266 2594 salsitatis
1279 2553 1347 2592 eum

256 2619 434 2682 convincere
449 2624 581 2683 molitur.
615 2623 663 2683 An
676 2622 736 2683 boe
750 2632 840 2703 pecto
857 2622 935 2701 leges
951 2623 978 2680 ei
992 2623 1076 2693 belli,
1099 2627 1129 2676 et
1143 2619 1228 2695 aequi
1245 2618 1347 2676 llsrtis

254 2704 511 2784 immerenter,
535 2708 611 2767 elius
626 2707 818 2768 iudicaverit:
841 2707 924 2765 Vires
946 2715 976 2762 et
998 2701 1176 2760 industrium
1194 2702 1346 2762 bellatoris

255 2787 387 2868 aperire,
408 2812 482 2867 quae
500 2812 562 2850 mee
577 2792 650 2850 fides
667 2799 726 2864 cst,
748 2791 915 2848 satisfuit:
938 2807 995 2865 que
1015 2787 1064 2845 via
1085 2797 1204 2845 coactus
1218 2787 1305 2862 licet,
1329 2809 1347 2846 e

254 2871 360 2952 populi
375 2873 458 2932 exitu
474 2875 512 2932 etl
525 2875 679 2931 conditum
693 2874 837 2950 templum
853 2877 924 2937 600.
933 2892 1030 2948 *annos
1042 2880 1177 2931 numeret
1191 2870 1347 2948 Eusebius,

254 2955 342 3016 l'ecile
372 2956 619 3038 deprehendetur.
667 2956 757 3028 Quod
780 2957 818 3015 ed
839 2955 972 3014 Africani
997 2966 1169 3036 computum
1191 2956 1235 3015 nil
1257 2956 1290 3015 in
1309 2976 1346 3016 ee

253 3042 386 3121 portenti
410 3051 469 3119 est,
490 3062 578 3121 quens
598 3039 679 3120 qued
694 3040 811 3100 Autlier
829 3040 936 3117 linxit,
957 3041 1045 3098 etiam
1069 3040 1199 3120 propriis
1223 3040 1347 3100 adeius

255 3127 408 3206 exerupler
422 3127 542 3204 digestis
557 3126 685 3186 eelculis.
727 3125 776 3183 llli
796 3146 868 3185 vero
889 3127 926 3183 eb
948 3125 1062 3184 lsraelis
1080 3127 1136 3183 sub
1151 3126 1231 3184 illese
1250 3127 1348 3206 profe-

256 3210 356 3269 ctione
370 3211 408 3269 ut
423 3212 552 3291 primurn
564 3209 670 3290 templi
687 3210 818 3289 pesitum
835 3211 965 3292 lapidem
981 3215 1051 3276 659.
1068 3208 1207 3270 exhibent
1222 3209 1282 3269 lree
1297 3233 1347 3270 or-

255 3291 333 3354 dine.
377 3295 465 3363 blesis
479 3297 530 3362 40.
546 3297 631 3356 lesue
645 3301 698 3363 27.
714 3296 870 3356 seniorum
889 3299 941 3362 30.
963 3295 1097 3354 iudicum
1119 3297 1191 3361 450.
1212 3295 1280 3354 Heli
1296 3301 1347 3360 20.

255 3377 374 3436 Samuel
393 3385 445 3446 20.
466 3382 538 3439 Seul
560 3383 611 3447 40.
634 3381 728 3440 David
751 3383 802 3448 40.
824 3380 990 3441 Salomonis
1013 3380 1044 3445 4.
1073 3400 1187 3438 autema
1210 3389 1254 3438 est
1274 3384 1345 3445 671.

255 3461 336 3522 lluic
349 3461 425 3522 adde
439 3470 490 3530 70.
506 3485 581 3544 quos
591 3465 732 3525 At'rieeno
744 3466 913 3548 superfluos
925 3466 1089 3545 exprobrat
1099 3464 1253 3537 Eusebius,
1274 3481 1345 3537 qus-

256 3546 390 3625 drsginta
413 3549 533 3625 quidem
555 3544 714 3651 rivepplue,
742 3561 772 3610 et
792 3545 916 3633 εἰρήνης
936 3551 1075 3629 triginta,
1102 3567 1246 3608 summere
1273 3544 1344 3609 ttt.

255 3651 342 3711 quarn
358 3649 427 3690 vere
444 3628 522 3713 delo
539 3629 576 3694 ut
589 3649 655 3713 epp.
672 3635 722 3716 ἔτη
738 3635 891 3714 collegisse
907 3636 1096 3710 Africanum,
1118 3632 1178 3691 lroc
1193 3639 1237 3688 est
1250 3647 1344 3686 ennos

255 3718 329 3785 741.
358 3715 502 3794 Georgius
524 3716 695 3797 scripserit,
721 3721 811 3779 etiam
834 3740 1026 3781 numerorum
1049 3720 1205 3795 inexperto
1228 3720 1344 3771 consta-

253 3801 311 3874 bit.
333 3802 392 3861 Suo
405 3811 504 3861 temen
519 3821 601 3860 mere
610 3846 618 3877 ‚
633 3803 665 3861 id
682 3814 727 3862 est
738 3805 771 3863 in
784 3805 989 3865 adversarium
1004 3804 1091 3884 peulo
1107 3797 1235 3874 iniquius
1248 3798 1344 3855 Geor-

253 3887 336 3968 gium
352 3905 452 3966 egere,
475 3894 556 3944 etex
573 3887 705 3964 propriis
722 3889 887 3969 alienisque
897 3890 1050 3949 sententiis
1065 3883 1274 3957 cougtobnom
1288 3881 1345 3940 ali·

275 3971 336 4032 uod
357 3979 563 4051 argumentum
578 3971 705 4030 obiicere
729 3973 863 4033 adverto.
895 3970 1084 4051 Septuaginta
1100 3965 1249 4043 siquidem
1263 3965 1343 4040 oeni,

253 4058 398 4136 αναρχίνς
412 4053 623 4136 quadraginta,
646 4064 675 4112 et
693 4053 815 4135 εἰρήνης
828 4057 968 4132 triginta,
991 4073 1066 4130 quoa
1085 4051 1212 4115 οἴκοθεν
1233 4053 1270 4111 de
1289 4071 1343 4111 sue

254 4141 404 4201 addidisse
417 4143 587 4201 Africanum
600 4149 739 4198 causatur
751 4140 898 4198 Eusebius
914 4138 980 4196 eliis
994 4138 1066 4202 450.
1088 4136 1240 4195 indicibus
1255 4135 1344 4196 ettri-

254 4225 335 4284 butis
348 4227 557 4286 continentur:
579 4223 629 4303 qui
645 4223 714 4281 licet
727 4224 763 4279 ab
778 4223 897 4282 Eusebii
912 4231 1053 4300 computo
1065 4219 1125 4279 siut
1137 4220 1237 4297 alieni,
1254 4221 1344 4281 adeo-

256 4329 314 4387 que
328 4311 529 4372 redundantes
546 4309 657 4380 iudicet
668 4306 826 4380 Eusebius,
848 4306 981 4365 Africani
997 4315 1095 4364 tomen
1110 4317 1253 4387 computo
1273 4312 1343 4364 sunt

254 4393 370 4471 intimi,
391 4403 421 4454 et
433 4405 465 4455 ut
481 4414 549 4476 pan
565 4382 626 4454 eiu's
641 4400 733 4452 totam
747 4392 877 4472 subcunt
888 4392 1015 4453 melem:
1036 4387 1169 4472 adeoque
1184 4392 1275 4453 semel
1287 4407 1344 4450 uu-
