3109 4959
281 428 358 505 40⁰
647 435 992 506 EMENDATIONES

279 596 475 678 significans,
495 607 524 656 ee
538 597 615 677 quia
631 593 786 654 rebellaret
803 594 905 668 frater
918 591 1057 654 Armate.
1106 595 1170 673 Qui
1185 604 1301 673 repente
1320 590 1365 652 aet

278 683 439 746 Pelusium
458 679 635 756 destinarit,
662 690 691 737 et
711 681 875 758 proprium
903 681 1001 737 tenuit
1021 700 1158 760 regnam.
1199 681 1366 738 Provincia

278 787 349 828 vero
363 777 472 828 uocato
491 777 534 825 est
546 787 581 826 er
598 767 665 824 eius
679 765 798 822 nomine
811 765 976 844 Aegyptus.
1017 767 1108 824 Dicit
1120 765 1199 824 enim
1217 761 1301 842 quod
1314 765 1366 821 Se-

277 851 377 914 thosie
387 850 544 932 Aegyptus
557 849 741 912 vocabatur:
761 852 890 908 armas
905 859 1007 907 autem
1020 851 1085 909 eius
1093 851 1200 928 froter
1214 851 1364 908 Danaae.

277 935 359 998 usse
373 935 522 996 manetho.

245 1049 252 1062 ’
365 1037 502 1125 Gaianae
522 1039 542 1106 (i
554 1035 629 1125 παρ’
641 1034 760 1124 Ὁμήρῳ
783 1034 964 1121 Πολύβους]
986 1039 1171 1100 Praesentem
1187 1039 1289 1099 locum
1304 1056 1366 1096 una

278 1127 445 1206 corrumpit
466 1135 499 1200 ,et
519 1127 683 1207 interpolat
702 1125 832 1203 Scaliger
856 1125 995 1203 Excerpt
1017 1145 1084 1204 pag.
1106 1126 1179 1207 367.
1205 1122 1366 1202 interpolat

280 1211 413 1272 scribens
428 1205 458 1282 ς’.
479 1205 616 1294 eodone
629 1209 646 1274 d
660 1204 735 1293 παρ’
751 1205 874 1293 Ὁμήρῳ,
885 1203 1067 1288 καλούμενος
1080 1204 1232 1288 Πολύβιος
1243 1201 1367 1270 Ἀλκάν-

281 1297 354 1380 δρας
368 1291 445 1376 tireio
458 1290 512 1373 ἐφ’
525 1288 563 1359 od
578 1293 708 1359 editior
720 1288 811 1357 tito:
835 1314 922 1374 quem
941 1294 1067 1376 eundem
1078 1293 1184 1352 'locum
1204 1291 1271 1374 pari
1290 1311 1367 1350 cor-

279 1378 421 1460 ruptione
435 1379 584 1438 foedatum
607 1400 672 1458 pag.
693 1399 754 1456 seq.
772 1379 806 1437 B.
826 1378 890 1458 ipre
905 1397 1022 1457 quoque
1034 1376 1124 1438 simili
1140 1387 1203 1436 orte
1222 1382 1368 1455 expurgat

279 1464 423 1544 Excerpt.
439 1461 544 1525 Euseb.
564 1464 671 1544 pagins
692 1467 740 1528 16.
759 1461 836 1520 lines
854 1467 906 1529 37.
921 1462 1064 1543 depravat
1076 1470 1174 1520 autem
1184 1461 1291 1541 Polybi
1303 1461 1367 1519 sire

280 1545 411 1610 'lbuoris
425 1545 556 1607 eiusdem
571 1547 713 1606 mutilatis
734 1545 820 1605 annis
841 1555 871 1604 et
887 1557 1000 1626 septem
1017 1546 1082 1606 vice
1099 1550 1129 1612 6.
1151 1545 1297 1604 duntaxat
1315 1563 1369 1604 re-

280 1631 389 1714 potitie
403 1631 482 1690 dicte
498 1651 562 1712 pog-
575 1634 654 1697 857.
675 1629 725 1689 cui
746 1649 812 1708 pag.
830 1634 878 1695 16.
892 1639 1003 1711 septem
1018 1631 1149 1709 integros
1162 1628 1308 1690 restituit:
1330 1627 1368 1687 de

280 1737 342 1796 quo
362 1715 483 1775 Latinus
505 1715 657 1775 Eusebius.
705 1713 835 1772 Yleuoris
855 1735 907 1772 ree
917 1715 1051 1796 Aegypti
1069 1715 1109 1774 ab
1125 1716 1258 1774 Homero
1272 1712 1368 1791 Paty-

281 1801 338 1859 bur
357 1811 497 1876 roratur,
519 1803 652 1858 moritur
672 1795 869 1873 Alcandroa
892 1802 982 1856 cuias
1001 1801 1136 1858 meminit
1165 1800 1312 1857 Homerus
1334 1798 1369 1855 in

284 1884 440 1964 Odyssoea
452 1883 570 1944 dicente
586 1892 659 1965 post
675 1876 788 1942 Troiae
800 1885 1018 1962 captiuitatem·
1028 1882 1201 1943 Menelaum
1222 1893 1250 1940 et
1271 1881 1368 1939 Hele·

280 1991 351 2029 nom
367 1968 491 2028 redeam
509 1969 664 2028 divertisse
681 1978 841 2048 repetentes
856 1969 1020 2026 Graeciam
1034 1978 1108 2047 post
1124 1965 1234 2026 bellum
1255 1968 1367 2028 Prome.

278 2054 326 2113 lbi
348 2074 419 2113 vero
440 2073 533 2113 annos
552 2051 682 2113 Thuoris
696 2060 810 2133 septem
825 2053 1006 2115 enumnatis
1025 2050 1167 2130 Scaligeri
1184 2050 1291 2112 vitium
1310 2069 1370 2111 no·

277 2138 394 2199 bissum
409 2147 562 2218 expurgat.
944 2188 947 2193 .

356 2239 492 2326 Ἀθωρις
514 2242 563 2324 ἔτη
580 2238 658 2324 bist]
686 2243 818 2323 Scaliger
840 2263 907 2324 pag.
929 2243 1071 2323 Excerpt.
1089 2241 1163 2308 357.
1190 2233 1260 2324 (θ’.)
1286 2237 1371 2320 qussi

278 2325 401 2388 Athon's
418 2327 501 2404 regni
515 2330 657 2388 alteruter
670 2348 813 2388 numerus
833 2329 991 2389 offerretur
1003 2325 1186 2409 probandus,
1207 2326 1309 2408 priore
1324 2323 1371 2384 ni·

277 2412 389 2474 mirum
402 2411 537 2471 falsitatis
555 2420 710 2491 suspecto,
731 2414 781 2471 vel
801 2414 934 2474 secundo
947 2411 1007 2472 boc
1025 2433 1042 2470 a
1058 2410 1212 2471 nonnullis
1234 2408 1371 2470 authori-

278 2497 335 2558 bus
359 2505 480 2558 asserto.
521 2495 583 2555 Neo
599 2514 755 2575 perperam
778 2498 910 2556 omnino.
953 2499 1001 2557 Ex
1021 2496 1154 2575 margine
1171 2495 1283 2576 quippe
1298 2494 1371 2574 sole,

277 2581 311 2642 in
327 2600 386 2662 qua
404 2574 447 2642 θ’.
463 2578 581 2638 numeri
604 2578 676 2638 noni
695 2578 789 2639 index
809 2588 899 2639 estet
916 2579 1069 2640 character
1090 2578 1291 2638 debenchessi
1304 2571 1374 2638 ιιιι-Ι

277 2665 382 2726 meruli
396 2674 467 2724 nota
485 2663 599 2725 carenti
617 2663 782 2742 hoc-pacto
802 2663 990 2742 adiungitur:
1010 2657 1051 2725 θ’.
1069 2657 1255 2744 Ἀχενχὲρσης
1272 2682 1325 2720 ree
1341 2665 1370 2727 9.

179 2768 186 2775 ·
278 2761 323 2810 est
336 2747 571 2825 Aeltencleereee„
593 2747 723 2826 Scaliger
738 2749 771 2808 in
790 2757 905 2808 textum
918 2747 1090 2821 transtulit,
1111 2756 1142 2806 et
1160 2765 1198 2805 ex
1212 2762 1246 2804 eo
1262 2744 1371 2805 chara·

279 2845 360 2895 ctere
384 2843 468 2893 extre
493 2835 592 2892 sedem
616 2833 732 2912 posito,
753 2853 816 2892 nou
838 2832 972 2892 ordinem
995 2833 1102 2900 modo,
1125 2829 1179 2890 sed
1200 2839 1231 2888 et
1249 2827 1371 2889 dtboris

279 2939 374 2979 annos
389 2917 552 2996 significari
567 2916 711 2991 coniecit,
733 2917 785 2997 qni
799 2938 833 2979 re
845 2937 917 2978 roro
929 2937 992 2977 nou
1005 2920 1057 2984 89.
1074 2913 1128 2976 sed
1142 2919 1172 2982 9.
1187 2933 1226 2974 ex
1237 2913 1371 2974 dicendis

277 3012 349 3087 post
361 3011 447 3063 uotae
460 3011 572 3082 septem
588 3000 772 3078 colligentur.

367 3100 475 3181 Μόνος
490 3099 669 3186 Εὖσὲβιος.]
697 3099 836 3184 8ω1ἰςοι·’
847 3105 984 3167 Animad.
1006 3126 1072 3188 pag.
1091 3108 1144 3172 32
1179 3105 1251 3164 Hoc
1265 3124 1371 3183 anum,

280 3192 394 3274 inquit,
415 3191 520 3252 obiicit
538 3191 707 3272 (Georgius)
729 3191 877 3266 Eusebio,
902 3189 988 3271 qaod
1000 3192 1059 3250 sab
1070 3190 1127 3248 leae
1145 3210 1214 3268 rege
1229 3187 1372 3248 Erosium

281 3279 490 3338 Hebraeorum
496 3284 611 3356 poseat:
634 3296 730 3355 qaum
745 3276 805 3334 alii
821 3275 878 3334 aab
892 3278 1011 3336 Amori.
1056 3276 1144 3354 Quae
1158 3276 1238 3333 ratio
1252 3294 1313 3332 non
1328 3282 1372 3330 eet

281 3365 377 3423 unius
398 3364 488 3422 assis.
529 3361 593 3421 leno
614 3381 703 3440 quarn
722 3359 850 3438 ingentis
871 3363 975 3440 pretii,
999 3382 1067 3421 cum
1086 3359 1118 3418 in
1139 3357 1231 3419 dubia
1250 3378 1284 3418 rs
1303 3357 1372 3438 plu·

278 3446 374 3524 rium,
396 3466 485 3525 quam
499 3444 588 3506 unius
603 3444 772 3526 praevalent
785 3445 996 3507 testimonium.
1031 3445 1123 3506 Nullo
1132 3443 1290 3503 interiecto
1302 3441 1372 3500 sub·

280 3531 336 3592 dit.
377 3529 439 3588 Sed
452 3530 502 3588 to
517 3530 638 3588 omissis
656 3527 726 3589 virle
740 3529 890 3609 quomodo
908 3531 1062 3591 Eusebius
1081 3549 1178 3587 annos
1191 3527 1285 3586 leuius
1303 3527 1371 3602 Dy-

279 3617 400 3686 rtattiae
418 3613 629 3693 interpolando
644 3612 681 3672 id
692 3615 859 3696 affectavit,
878 3626 913 3674 ut
923 3619 1113 3696 principiam
1124 3611 1269 3672 Aoleerrie
1280 3630 1371 3689 proe-

280 3704 341 3762 oiee
355 3702 390 3760 in
405 3709 523 3778 tempus
534 3696 635 3758 mort
648 3697 801 3774 incideret,
823 3703 915 3780 quasi
928 3701 986 3760 sab
999 3723 1031 3760 eo
1045 3721 1114 3780 rege
1126 3697 1270 3756 voluisset
1285 3695 1371 3754 Fae·

281 3783 357 3848 dum
374 3785 553 3864 contigisse,
576 3784 658 3843 nibil
672 3805 760 3863 agere
773 3784 940 3861 rideretur,
960 3788 1023 3844 nisi
1036 3788 1069 3843 in
1078 3781 1232 3864 principio
1248 3781 1314 3837 eius
1326 3799 1371 3838 re·

277 3874 335 3952 gni
353 3866 496 3931 Etodum
522 3870 622 3946 ipsam
642 3878 796 3931 statueret.
845 3870 920 3943 Quis
944 3871 978 3929 in
1006 3869 1165 3930 Eusebium
1186 3861 1371 3935 clementior,

226 4033 229 4040 Ι
281 3955 425 4035 Georgius
448 3968 493 4015 an
512 3951 662 4030 Scaliger?
699 3953 751 4012 Vel
769 3953 856 4014 cuius
876 3954 1000 4032 Georgii·
1018 3975 1057 4016 an
1077 3947 1219 4026 scaligeri
1241 3947 1371 4010 validius

278 4039 438 4104 Eusebium
455 4039 579 4119 impetat
591 4034 683 4096 ratio:
706 4037 819 4098 iudicet
835 4059 945 4118 aequus
962 4041 1080 4098 Lector.
1152 4064 1154 4069 ·

364 4146 432 4224 Peg.
452 4150 503 4212 lb
526 4137 663 4224 Ooiapee
679 4139 699 4205 d
710 4137 784 4225 παρ’
797 4139 954 4228 Ὁμήρῳ]-
967 4143 1050 4216 Quae
1063 4139 1100 4200 de
1113 4139 1177 4201 loci
1191 4138 1277 4200 istius
1300 4157 1371 4198 cor·

280 4229 399 4311 ruptels
415 4239 446 4290 et
456 4229 660 4292 emendatione
675 4238 746 4286 nota
760 4231 914 4308 superiora
933 4227 1023 4287 tertia
1043 4224 1218 4306 scripsimus
1236 4222 1370 4283 conside.

280 4312 348 4374 lloa
364 4313 584 4377 animadverto:
607 4311 789 4388 Scaligerum
806 4313 948 4390 iixcorpt.
962 4331 1031 4393 pag.
1049 4315 1098 4378 16.
1118 4329 1213 4370 annos
1226 4315 1257 4375 7.
1273 4306 1370 4369 rhuo-

281 4398 327 4474 ri,
347 4397 397 4459 oui
410 4415 477 4479 pag.
492 4400 566 4466 357.
580 4417 634 4459 sex
648 4396 753 4458 tribuit
769 4396 940 4457 concedere.
