3109 4959
261 455 338 531 406
624 451 971 533 ΕΜΕΝΒΔἩθΝΕὸ

261 619 388 682 scribat:
407 613 799 724 isppagaldyaaipesocpte'.
811 620 887 686 lasis
901 617 1085 702 ἔγὲιιησι
1053 643 1105 685 soa
1120 623 1243 684 Καΐιιῖι
1257 614 1361 707 βιοῖ.

263 705 389 770 111111
400 701 521 788 κόσμου
543 707 654 766 Cainan
669 707 775 767 deinde
789 707 887 766 sactus
904 707 991 767 Salas
1004 717 1087 786 pater
1100 716 1190 809 post
1190 707 1264 765 alios
1282 709 1354 771 130.

262 809 355 849 annos
373 791 480 850 mundi
498 795 589 860 2507
606 792 663 852 sibi
678 791 762 852 ridet
781 792 951 872 appositos,
980 792 1034 870 qui
1053 794 1147 858 2508.
1170 783 1355 872 daspaloyl-

223 895 224 900 ’
261 892 337 950 στοις
357 895 397 935 ex
412 876 508 956 prima
530 877 656 958 supputi
673 875 787 958 epocha
804 875 948 956 requirit:
978 895 1014 935 ac
1027 874 1135 934 iterum
1149 873 1355 934 8111111101

262 970 381 1020 centum
401 969 430 1019 et
450 961 572 1039 triginta
599 961 698 1037 annis,
727 972 757 1021 et
777 961 875 1022 Hebes·
893 959 957 1020 lilio
977 959 1146 1042 producto,
1177 979 1241 1018 non
1261 961 1356 1027 2638.

261 1043 315 1104 aed
333 1051 450 1104 tentum
470 1049 563 1114 2637.
585 1045 724 1106 mendose
739 1046 871 1125 colligit:
893 1055 983 1123 atque
1002 1045 1045 1104 ita
1063 1044 1203 1123 deinceps
1219 1052 1357 1122 postero-

261 1147 330 1188 rum
344 1130 473 1209 reliqui,
494 1131 660 1190 distributis
675 1150 729 1209 per
744 1130 876 1208 singulas
892 1150 997 1188 eorum
1017 1139 1127 1189 aetates
1140 1127 1244 1187 mundi
1258 1126 1356 1202 annis,

261 1212 380 1272 unitate
393 1214 537 1272 minorem
556 1235 718 1290 summam,
739 1234 828 1292 quam
844 1215 976 1294 praefata
994 1212 1157 1294 Arphaxad
1175 1211 1358 1273 incunabula

261 1307 441 1374 mereantur,
462 1299 602 1358 reserant.
630 1299 738 1358 Fateor
750 1318 881 1358 errorem
895 1317 959 1356 non
972 1297 1081 1377 ubique
1094 1297 1263 1357 observari:
1278 1295 1359 1354 illud

262 1381 297 1443 in
315 1402 414 1442 errore
426 1383 529 1459 miror,
550 1384 631 1463 quod
647 1403 715 1442 cum
726 1383 889 1441 continuus
900 1403 961 1441 non
977 1381 1025 1452 sit,
1047 1403 1080 1440 eo
1091 1382 1229 1459 repetito,
1249 1379 1354 1438 maio-

262 1465 308 1524 ris
320 1486 416 1524 noxae
427 1487 514 1526 reum
528 1489 558 1526 se
576 1476 705 1546 praestet
720 1466 854 1542 Anthou
876 1466 1005 1525 maxime
1025 1465 1076 1524 ubi
1091 1464 1196 1544 positis
1208 1463 1245 1522 ad
1258 1463 1359 1522 Chro-

264 1546 401 1626 uslogiae
414 1569 483 1610 suae
499 1550 628 1648 rigorem
646 1551 888 1610 Patriarcharum
906 1549 1028 1630 epochis
1049 1560 1079 1608 et
1098 1548 1263 1622 natalibus,
1285 1567 1360 1604 con·

264 1634 366 1692 sestim
385 1635 470 1712 quasi
489 1635 669 1714 scriptorum
698 1633 823 1711 oblitus,
850 1655 951 1695 eorum
974 1644 1054 1712 gesta
1077 1642 1283 1713 pertractans,
1308 1629 1361 1689 vel

262 1717 372 1777 iterum
384 1729 467 1777 ortua
483 1718 628 1780 historico
640 1738 724 1778 more
737 1739 876 1796 versans,
896 1718 1017 1778 alterius
1031 1717 1168 1814 epochae
1175 1736 1270 1775 annos
1287 1734 1361 1774 cor-

262 1812 354 1882 rupte
365 1804 506 1882 proferat.
548 1804 700 1864 Adsnissae
712 1803 845 1862 fallaciae
855 1805 906 1864 vel
919 1803 1091 1862 obscrsatae
1105 1802 1239 1861 veritatis
1255 1799 1360 1860 diver·

263 1887 382 1946 sitatem
402 1887 435 1945 in
447 1888 547 1948 varios
562 1888 701 1948 authores
715 1899 744 1946 et
760 1889 876 1948 codices
891 1911 908 1946 a
924 1887 1051 1964 Georgia
1070 1896 1191 1961 nostro,
1216 1884 1305 1942 modo
1327 1885 1361 1942 in

264 1969 505 2049 Chronologicis,
527 1973 665 2032 modom
681 1973 839 2031 Historicis
854 1973 1007 2031 consultos
1022 1972 1169 2045 refundo,
1190 1979 1221 2027 et
1242 1969 1274 2025 in
1295 1988 1361 2026 eam

264 2054 452 2135 opinionem,
475 2063 533 2135 qua'
544 2057 655 2141 scripta
670 2066 739 2116 ante
755 2056 871 2114 obitum
889 2077 952 2116 non
968 2057 1120 2131 relegisse,
1144 2064 1174 2112 et
1192 2053 1362 2124 accuratius¹

264 2159 326 2200 uon
346 2140 542 2218 examinasse,
568 2142 712 2222 suspicor.
747 2141 856 2218 Pagina
878 2139 1015 2220 superior
1037 2144 1087 2205 78.
1110 2159 1169 2197 una
1192 2156 1260 2194 cum
1282 2135 1361 2195 notis

265 2225 371 2298 errati,
393 2225 430 2283 de
452 2245 512 2303 quo
534 2226 566 2284 in
587 2226 750 2304 praesenti,
773 2227 870 2285 sontes
890 2235 921 2285 et
943 2225 1142 2283 correctiones
1166 2219 1337 2279 exhibent
1328 2239 1362 2278 ιιι

266 2307 399 2384 margine
413 2317 442 2365 et
456 2308 489 2364 in
506 2309 656 2366 versione:
678 2311 772 2368 solnm
786 2310 948 2388 marginale
960 2308 1089 2388 spatium
1103 2329 1152 2367 sas
1168 2304 1220 2364 hic
1236 2305 1363 2364 demon·

265 2399 358 2449 strat.
379 2390 553 2450 omittentur
574 2391 730 2471 deinceps,
750 2412 789 2449 ne
803 2393 996 2471 frequentiori
1017 2391 1272 2450 animadversione
1293 2408 1364 2464 erga

264 2473 419 2534 hectorem
434 2476 484 2535 vel
495 2473 659 2536 Authorem
671 2495 719 2540 me
731 2493 831 2553 geram
841 2475 1051 2555 importunius.
1073 2476 1149 2534 Vide
1161 2474 1247 2531 sodes
1260 2482 1364 2530 noum

265 2569 446 2640 sequentem.

169 2649 200 2705 P·
216 2649 252 2707 29
352 2645 420 2723 Peg
441 2649 493 2711 86.
516 2635 947 2722 Meroidiaiasoraalvdudv]
961 2638 1268 2701 Attendedsricannm
1282 2656 1364 2696 erro·

264 2727 308 2789 ris
325 2729 445 2806 Georgii
463 2731 557 2789 nostri
576 2730 700 2802 ducem,
722 2749 784 2786 ιιοιι
798 2750 814 2786 1
827 2727 948 2788 biennia
967 2736 1049 2786 retro
1067 2725 1232 2799 diluvium,
1254 2722 1306 2782 sed
1326 2722 1364 2780 ad

265 2815 361 2892 ipsam
377 2813 482 2872 diluvii
496 2813 654 2894 epocham,
677 2822 706 2872 et
719 2833 830 2870 annum
849 2817 940 2878 2262
959 2811 1086 2869 natalem
1107 2809 1270 2890 Arphaxad
1284 2807 1364 2865 diem

269 2898 426 2966 adterere,
452 2906 481 2954 et
502 2906 571 2976 post
592 2902 685 2962 2262.
707 2916 801 2980 annos
825 2897 895 2960 135.
919 2897 1076 2954 dumtaxat
1093 2905 1200 2974 putare
1218 2895 1257 2952 ad
1279 2894 1364 2950 Salas

268 2990 369 3040 ortum
390 3001 469 3040 anno
490 2985 583 3047 2397.
605 2980 641 3038 ab
663 3001 697 3038 eo
719 2975 938 3056 consignatum.
968 2979 1142 3037 Africanum
1160 2978 1259 3036 verbis
1280 2976 1364 3035 hisce

267 3067 438 3146 Scripturas
452 3066 556 3124 Genea.
572 3070 619 3129 11.
635 3085 664 3129 v.
685 3070 733 3131 10.
749 3065 886 3123 delusum
900 3083 976 3123 reor.
1006 3066 1074 3120 Sem
1090 3073 1156 3120 crat
1170 3072 1288 3119 ιιιιιιιιιι
1308 3081 1363 3118 ωι-

186 3161 187 3164 ’
267 3171 376 3209 ιιοιιιιιι
394 3149 517 3230 quando
534 3152 645 3229 genuit
666 3146 888 3228 ΑιῬΙιιιιιαιΙ.ὀ
878 3168 942 3228 ipse
964 3168 1037 3207 vero
1057 3146 1166 3206 diluvii
1187 3167 1282 3204 ιιιιιιιι
1305 3144 1366 3203 suit

266 3235 370 3294 aetatis
388 3238 454 3294 Sem
470 3235 665 3294 centesimus:
688 3255 746 3313 qno
762 3237 863 3293 forsan
881 3233 1023 3310 contigit,
1044 3241 1078 3291 ut
1090 3231 1281 3308 sequentibus
1295 3227 1365 3287 aui·

266 3337 349 3378 mum
370 3340 432 3378 non
457 3320 637 3381 adverzteret
668 3319 786 3376 biennio
806 3327 878 3396 post
908 3315 1073 3378 dilucium.
1117 3314 1250 3376 Africani
1278 3333 1366 3392 para.

266 3401 443 3478 logismum,
477 3403 620 3480 Georgius
648 3413 751 3462 noster
776 3404 949 3480 frequenter
973 3401 1128 3478 sequitur.
1163 3421 1219 3458 ncc
1242 3396 1366 3456 omnino

268 3485 393 3562 deserit,
415 3489 465 3546 ubi
479 3509 565 3546 sanae
579 3496 649 3545 sunt
664 3488 728 3546 eiua
747 3487 896 3560 rationes,
918 3485 1028 3564 quibus
1044 3505 1106 3543 non
1122 3482 1182 3542 nisi
1197 3501 1275 3540 anno
1296 3489 1367 3559 post

267 3531 417 3628 diluviuin
434 3571 525 3630 unico
542 3570 702 3648 Arphaxad
716 3581 816 3631 ortum
829 3571 971 3630 retardat.

174 3667 208 3723 0.
220 3667 255 3722 21
348 3649 423 3731 Ἕτη
442 3651 567 3736 ιιιι.]1
554 3653 644 3712 Nullo
669 3655 818 3713 diluvium
844 3655 923 3714 inter
943 3662 974 3712 et
996 3649 1158 3731 Arphaxad
1180 3647 1366 3711 nativitatem

267 3736 446 3816 interposito
464 3737 576 3814 spatio,
597 3737 622 3793 si
639 3747 705 3814 post
719 3739 883 3812 diluvium,
905 3757 943 3796 ex
956 3735 1089 3795 Africani
1101 3742 1243 3812 consputo
1257 3733 1295 3792 ad
1309 3754 1366 3793 an-

267 3841 341 3882 num
350 3819 454 3879 mundi
471 3820 742 3898 226211111111111
759 3832 825 3878 ante
840 3823 953 3900 prolem
970 3821 1007 3877 ab
1023 3817 1185 3897 Arphaxad
1199 3828 1367 3898 susceptam

267 3906 331 3965 sius
345 3925 439 3964 enisos
450 3905 518 3968 135.
528 3904 717 3981 apposueris.
739 3913 769 3962 et
784 3905 867 3962 Salac
884 3905 994 3982 pariter
1008 3913 1078 3962 ante
1090 3903 1280 3985 csxacyoaa'ov
1296 3908 1366 3970 130·

267 3992 369 4051 Habet
392 3989 462 4055 134.
487 3988 597 4047 Phalec
625 3991 694 4054 130.
721 3989 821 4064 Ragau
846 3993 915 4054 132
937 3986 1051 4046 Seruch
1080 3991 1149 4054 130.
1175 3987 1296 4048 lt'achor
1316 3992 1366 4052 79.

266 4075 381 4135 Thana
405 4077 459 4138 70.
487 4083 516 4134 et
534 4073 655 4133 tandem
675 4071 809 4130 Abrahae
831 4074 883 4136 75.
908 4071 1097 4147 adiunxeris,
1125 4072 1273 4132 amundi
1298 4080 1368 4130 ortu

267 4160 365 4240 prinas
385 4162 479 4225 3277.
502 4157 573 4216 ab
564 4178 629 4237 rpso
646 4175 719 4215 vero
744 4155 860 4215 diluvio
884 4165 914 4213 et
935 4176 1013 4214 anno
1033 4162 1124 4224 2262.
1145 4157 1200 4216 1111
1218 4171 1367 4215 asinorum

272 4246 363 4311 1015.
386 4263 531 4302 summam
556 4242 692 4318 colliges:
716 4261 777 4300 non
799 4242 842 4300 ita
866 4230 944 4312 Qse'.
964 4242 1034 4309 915.
1054 4251 1146 4324 prout
1162 4251 1264 4302 testas
1275 4241 1368 4298 Euse-

272 4324 772 4429 1111131139.1111131151111311.

357 4406 617 4496 Σιλάγιόμειις
631 4405 785 4494 11111311]
813 4409 942 4491 Scaliger
957 4409 1113 4475 Animadr.
1128 4431 1159 4492 p·
1151 4409 1247 4477 .249.
1277 4399 1369 4486 Quod
