3109 4959
263 444 315 517 88
650 449 692 520 Ca
712 448 754 518 G.
773 446 979 519 nuunovll

264 610 334 685 Qua
352 605 493 671 citatione
507 624 613 684 magna
631 604 712 667 inter
725 604 908 667 Christianos
920 601 1083 665 auctofitas
1096 601 1173 663 libro
1188 602 1289 664 addita
1307 611 1360 664 est.

264 721 310 743 ι-
325 691 423 754 Etiam
436 692 541 753 Petrus
552 688 636 755 huuc
647 691 757 753 librum
774 690 939 772 respexisse
950 686 1089 764 videtur,
1103 686 1190 767 epist.
1202 688 1239 749 ll.
1255 708 1319 770 cap.
1328 694 1361 756 ἰ.

265 796 296 841 v.
311 774 341 845 d.
356 775 473 839 diceuss
493 776 589 853 „Nam
605 776 632 837 si
650 776 726 837 Deus
739 796 776 837 ue
790 774 902 855 angelis
917 773 1036 853 quidem
1050 772 1243 853 peccantibus
1256 792 1361 853 peper.

265 861 325 939 cit,
343 879 449 925 verum
468 860 581 921 catenis
606 860 795 922 tenebrarum
821 858 1000 920 constrictos
1015 878 1066 917 eos
1084 857 1119 916 in
1134 858 1291 917 Tartarum
1306 859 1363 917 de·

265 945 355 1024 iacit,
375 954 412 1007 ut
433 944 472 1005 ad
491 944 636 1004 iudicium
657 952 850 1006 servarentur
872 940 950 1003 etc.’'
991 942 1137 1021 Georgius
1161 944 1240 1001 enim
1259 960 1364 1021 epro-

265 1028 375 1115 pbetiis
388 1026 505 1089 Enocbi
523 1047 589 1109 pag.
603 1029 654 1097 25.
665 1030 700 1092 li.
716 1030 748 1090 G.
758 1026 834 1097 haec
855 1026 1028 1110 descripsit:
1049 1029 1108 1106 „lit
1122 1025 1268 1107 Raphadli
1286 1025 1364 1086 dixit

200 1184 203 1191 ,
266 1116 362 1176 Deus:
382 1112 485 1191 „Vade
503 1112 635 1193 liaphstil
648 1120 678 1174 ct
695 1112 832 1173 Arabiam
844 1111 920 1192 liga,
941 1132 1047 1173 manus
1062 1121 1093 1171 et
1108 1111 1200 1191 pedes
1215 1110 1278 1170 eius
1293 1112 1365 1169 riu-

268 1201 347 1261 culis
361 1196 541 1277 constringe,
563 1206 593 1258 et
605 1196 637 1257 in
649 1198 786 1258 tenebras
796 1198 938 1274 immitte,
957 1197 992 1257 in
1002 1198 1151 1258 desertum
1164 1216 1232 1255 eum
1240 1194 1364 1276 proiice,

268 1293 300 1346 et
314 1281 476 1363 suppositis
489 1281 517 1342 ei
529 1282 608 1343 sexis
623 1281 718 1343 scutis
734 1292 763 1344 at
771 1282 882 1363 asperis
894 1282 1016 1343 involve
1024 1296 1114 1363 super
1122 1301 1188 1342 eum
1197 1281 1365 1363 caliginem,
1407 1328 1413 1335 .

268 1388 359 1449 quam
365 1366 398 1426 in
409 1375 560 1428 aeternum
571 1367 692 1445 incolat,
700 1388 793 1449 usque
804 1367 843 1427 ad
858 1368 936 1427 diem
948 1367 1062 1445 iudicii,
1070 1386 1129 1447 qua
1140 1366 1279 1447 incendip
1289 1386 1367 1424 cou-

267 1448 435 1515 sumstur.”
457 1450 495 1513 Et
506 1450 725 1513 Tertullianum
745 1452 897 1531 „Angelos
912 1452 982 1511 illos
997 1460 1163 1532 peccantes,
1174 1452 1228 1531 qui
1238 1451 1277 1511 ad
1288 1449 1367 1510 filias

267 1534 426 1597 hominurn
445 1534 482 1596 de
503 1535 588 1596 coelo
606 1537 736 1614 raserint,
758 1538 856 1595 aliea
878 1535 912 1594 iu
934 1554 1061 1614 poenam
1082 1534 1189 1595 mortis
1212 1534 1368 1595 damnatos

268 1618 364 1681 esss'’'
375 1619 507 1701 pluries,
530 1617 653 1701 semper
665 1641 737 1683 asro
759 1618 911 1699 ascriptis
923 1618 1041 1679 Enocbi
1060 1619 1219 1681 narratde
1233 1620 1368 1680 Idolola-

266 1706 329 1769 tria
341 1725 407 1785 cap.
418 1704 450 1773 4.
471 1704 509 1766 ds
524 1706 609 1765 cultu
620 1706 755 1770 seminar.
770 1704 795 1769 Ῑ.
811 1724 839 1765 c.
851 1710 881 1772 ἲ.
901 1703 939 1764 ll
953 1724 980 1765 c.
994 1710 1046 1771 20.
1065 1731 1111 1753 *-

352 1788 497 1870 Georgius
517 1788 612 1869 igitur
626 1790 759 1871 primum
776 1789 887 1850 librum
898 1788 1025 1867 Enochi,
1046 1798 1076 1850 et
1088 1788 1179 1849 blesis
1192 1787 1317 1869 scriptu,
1338 1797 1369 1849 et

267 1873 360 1953 Petri,
378 1878 435 1939 rosi
444 1874 615 1957 κορυφαίου
626 1878 688 1937 coin
700 1868 884 1953 incurritur,
903 1883 940 1934 ut
951 1868 1120 1935 testimonia
1132 1874 1213 1956 paris
1225 1869 1370 1933 momebti
1430 1868 1433 1873 ’

269 1959 390 2021 ordinat
408 1980 441 2041 p.
455 1964 506 2026 11.
527 1962 575 2038 c,
596 1968 686 2040 atque
702 1978 718 2020 e
731 1958 898 2041 prophetiis
912 1958 1030 2020 Euochi
1043 1967 1139 2019 totam
1149 1960 1370 2039 Egregororum

272 2042 443 2117 historiam,
465 2041 508 2119 air
521 2042 748 2128 συγγενεστέραν
766 2051 832 2119 ταῖς
845 2042 1003 2128 ἡμετέραις
1015 2050 1164 2127 γραφαῖς,
1186 2045 1215 2108 ei
1229 2043 1283 2125 sui
1297 2036 1371 2106 dmi·

269 2123 459 2209 spondeicus
472 2124 920 2211 solivrsesvaippidetoe,psg.
935 2131 1083 2197 11-13.
1097 2140 1202 2210 etpag·
1216 2133 1259 2196 24
1268 2130 1370 2194 -re

271 2211 366 2271 verbo
382 2221 470 2272 tenus
487 2212 643 2287 describit,
666 2224 696 2272 et
707 2214 770 2273 sine
786 2215 867 2274 omni
886 2213 1081 2273 haesitatione
1094 2235 1125 2293 p.
1139 2216 1193 2279 33.
1207 2215 1241 2273 D.
1259 2222 1290 2271 et
1304 2231 1371 2291 pag.

273 2296 326 2361 84.
341 2295 378 2355 Δ.
396 2294 520 2354 Enocho
531 2302 651 2355 auctore
673 2304 792 2371 narrat,
812 2297 962 2367 Urielem,
983 2296 1199 2373 Archangelum
1212 2305 1371 2373 astrorum,

272 2380 336 2440 Deo
348 2380 468 2439 iubente
482 2376 606 2438 Euocbo
619 2378 773 2455 revelasse,
786 2378 862 2455 quid
877 2378 997 2453 mensis,
1019 2379 1094 2458 quid
1111 2380 1184 2439 solis
1205 2380 1371 2457 conversio,

273 2464 348 2545 quid
366 2484 463 2524 annus
477 2462 534 2541 sit,
552 2482 723 2541 anuumque
735 2462 849 2523 duabus
862 2471 893 2523 et
907 2461 1121 2543 quinquaginta
1135 2463 1372 2525 hebdomadibus

273 2547 425 2629 componi.
465 2548 569 2628 Neque
585 2546 691 2607 dubito
698 2591 709 2625 ,
733 2547 808 2628 quin
821 2557 851 2607 et
864 2548 924 2607 alia
936 2568 975 2608 ex
989 2546 1049 2608 hoc
1061 2549 1138 2609 libro
1145 2594 1155 2626 ,
1175 2560 1297 2610 auctore
1309 2569 1372 2609 non

273 2634 443 2710 nominato,
464 2632 622 2714 desumpta
642 2631 719 2709 sint,
741 2641 778 2692 ut
798 2652 865 2713 pag.
880 2637 930 2700 10.
951 2632 988 2693 de
1001 2632 1093 2694 Setho
1112 2643 1217 2713 rapto,
1241 2656 1307 2715 pag.
1319 2642 1370 2703 19.

271 2718 309 2781 l).
325 2724 417 2786 etto.
432 2716 709 2779 bacnominibus
730 2716 865 2779 filiorum
886 2717 940 2777 Dei
960 2728 991 2779 et
1002 2719 1133 2779 filiarum
1146 2718 1304 2779 homiuum
1317 2721 1372 2779 de-

273 2821 331 2883 que
351 2803 467 2864 artibus
487 2803 663 2863 mulieribus
676 2802 811 2880 traditis;
833 2822 900 2882 pag.
911 2806 962 2870 31.
985 2813 1016 2863 et
1029 2808 1081 2871 32.
1095 2805 1244 2863 nonnulla
1257 2824 1372 2881 eorum,

274 2906 349 2969 quae
364 2888 510 2965 Georgius
521 2906 560 2947 ex
572 2887 744 2947 Alexandro
756 2887 946 2966 Polyhistore
961 2888 1118 2967 excerpsit.

361 2971 482 3049 Cretera
506 2972 595 3030 citata
615 2980 737 3050 patrum
761 2971 1031 3030 ecclesiasticorum
1048 2992 1087 3031 cx
1099 2970 1159 3032 bec
1171 2970 1250 3031 libro
1264 2972 1374 3053 deper-

276 3052 340 3117 dito
356 3052 439 3137 (nam
450 3052 527 3113 liber
537 3053 735 3135 Aethiopicus
750 3055 882 3114 eiusdem
895 3054 1026 3115 nominis
1040 3076 1103 3115 non
1117 3055 1198 3116 idem
1213 3054 1281 3138 est),
1300 3058 1374 3117 dili-

273 3149 378 3221 genter
393 3138 602 3217 collectalcgis
613 3138 647 3198 in
659 3138 789 3198 Fabricii
803 3139 906 3198 codice
918 3140 1177 3223 l‘seudepigrapbo
1196 3140 1233 3203 V.
1250 3144 1285 3203 T.
1305 3162 1374 3223 pag.

276 3227 465 3292 160-178:
486 3242 573 3283 nemo
587 3231 687 3283 tamen
697 3222 795 3283 maius
805 3223 921 3284 Euochi
929 3225 1125 3305 fragmentum
1131 3225 1219 3287 nobis
1232 3229 1375 3303 servavit,

277 3310 329 3368 ced
349 3310 526 3391 plerumque
545 3308 670 3369 illorum
687 3307 780 3368 citata
798 3308 955 3389 eGeorgio
978 3320 1083 3371 nostro
1096 3311 1195 3371 lucem
1211 3313 1375 3392 accipiunt.

277 3391 344 3453 linc
360 3393 445 3454 exiis
461 3393 640 3472 colligimus,
664 3394 787 3473 scripta,
809 3414 884 3473 quse
898 3395 955 3455 sub
968 3397 1089 3457 nomine
1101 3395 1218 3457 Euochi
1233 3398 1375 3456 fereban-

278 3483 337 3552 tur,
351 3498 412 3537 non
425 3477 563 3539 historici
579 3478 743 3558 argumenti
756 3478 857 3557 fuisse,
871 3480 925 3541 sed
935 3480 974 3540 ad
986 3482 1132 3541 rationem
1146 3480 1376 3561 prophetiarum

279 3557 394 3621 Veteris
401 3562 587 3661 ‘Testamenti
598 3564 764 3643 composita
773 3608 794 3662 ,·
803 3574 841 3623 ut
853 3565 907 3624 illa
920 3566 1053 3627 narratio
1065 3567 1104 3626 de
1116 3566 1272 3644 Egregoris
1284 3565 1374 3625 modu

278 3646 1023 3813 mmhlhirhmtiadiiihrriisstddsehhlrdgdlidtestem
1044 3730 1189 3810 Georgius
1216 3729 1320 3791 laudat
1339 3752 1374 3813 p.

280 3814 331 3881 13.
346 3812 381 3872 D.
403 3820 433 3872 et
446 3832 511 3892 pag.
526 3814 574 3879 14.
589 3813 623 3872 Δ.
644 3816 801 3875 Zosimnm
816 3820 1051 3898 Panopolitom,
1073 3825 1125 3874 aut
1140 3815 1231 3875 Suida
1242 3828 1374 3893 auctore,

277 3896 535 3972 Alexandrinum,
558 3907 637 3957 certe
651 3918 720 3977 ergo
732 3900 913 3981 Aegyptium
926 3933 965 3947 -·
981 3903 1107 3961 fortasse
1120 3900 1279 3981 Panopoli,
1299 3904 1375 3962 urbe

278 3981 463 4059 Thebaidos,
484 3989 572 4039 natus
595 3988 640 4039 est
662 3992 694 4041 at
713 3983 912 4045 Alexandriae
931 3986 1069 4046 vixit-
1084 3984 1137 4063 qui
1152 3985 1327 4047 librosocto
1344 3993 1375 4045 ct

278 4067 389 4148 viginti
410 4067 449 4127 sd
469 4064 684 4143 Tbeosebiam,
713 4087 804 4146 quam
826 4070 932 4129 Suidas
952 4089 1084 4129 sororem
1107 4081 1213 4149 vocat,
1239 4070 1374 4152 scripsit.

280 4152 306 4214 E
317 4152 512 4213 multitudine
524 4150 672 4210 librorum
682 4150 858 4212 varietatem
868 4172 968 4213 rerum
982 4154 1015 4213 in
1028 4153 1067 4214 iis
1075 4165 1293 4236 pertractarum
1304 4170 1374 4215 con-

280 4235 372 4298 iicers
392 4236 482 4315 licet,
510 4234 591 4297 unde
611 4236 737 4297 fumasse
764 4244 795 4297 et
822 4236 949 4298 varietas
969 4237 1199 4321 inscriptionum
1227 4240 1373 4320 explicari

280 4331 388 4401 potest.
408 4354 452 4373 -
472 4321 619 4400 Georgius
642 4328 739 4381 totum
759 4342 835 4404 opus
856 4322 977 4383 nomine
996 4325 1142 4407 Aegyptio
1161 4331 1217 4407 τῆς
1236 4319 1373 4404 troie

282 4405 451 4485 significat,
464 4416 496 4467 et
507 4406 617 4467 librum
632 4426 762 4487 nonum,
784 4428 874 4489 equo
888 4407 990 4470 locum
1005 4409 1042 4471 de
1063 4413 1235 4493 angelorum
1249 4410 1373 4472 libidine
