3109 4959
229 419 307 496 414
602 427 947 504 EMENDATIONES

227 589 342 652 nullam
362 589 394 649 in
412 587 520 649 litteris
541 588 632 649 sacris
651 589 709 648 sibi
724 588 935 650 authoritatem
950 589 1105 667 conciliet,
1123 601 1154 651 et
1168 594 1314 652 tranensi.
1403 659 1406 664 ¹

227 674 355 756 gratiani
371 682 479 733 statum
492 694 589 733 secum
603 674 742 735 inserenti
756 684 933 755 perpetuum
951 675 1140 752 adversetur,
1162 698 1224 737 noo
1239 678 1314 736 adeo

225 781 282 842 per
295 779 358 819 eam
373 759 404 817 in
418 759 504 817 aliam
520 761 670 838 regionem
685 761 860 820 transferret
872 759 1021 819 Abraham
1035 762 1123 837 Deus,
1145 782 1234 841 quam
1247 763 1315 842 ipse

226 843 375 905 Abraham
398 845 459 902 Deo
480 843 598 902 iubente
617 844 649 902 in
669 843 846 919 adversum,
866 844 899 904 in
916 845 1042 924 patriam
1056 845 1182 923 ellectu,
1203 858 1314 923 mente,

225 929 351 1011 pedibus
367 947 397 986 se
417 928 550 989 referret.
582 929 613 994 5.
636 928 764 988 Dubium
782 950 868 987 omno
886 949 975 1008 quam
991 930 1125 989 celeriter
1140 933 1249 991 enodat
1263 933 1315 991 vir

226 1015 304 1073 acris
317 1011 443 1090 ingenii,
464 1022 494 1072 et
509 1033 570 1072 non
580 1012 668 1071 tritae
682 1013 857 1072 eruditionis
869 1014 994 1074 loannes
1006 1014 1141 1074 Marinus
1150 1017 1183 1074 in
1195 1017 1314 1076 Biblio-

225 1118 293 1159 rum
307 1099 391 1156 iuxta
406 1099 613 1176 Septuaginta,
635 1099 800 1156 versionem
814 1099 1034 1175 Prolegomeno.
1076 1099 1113 1158 ln
1131 1099 1240 1159 Codice
1255 1104 1315 1160 Sa.

225 1186 388 1257 maritans,
409 1182 515 1259 inquit,
536 1203 572 1240 ne
581 1181 692 1239 sambra
709 1181 828 1260 quidem
839 1180 1040 1260 difficultatis
1052 1184 1233 1264 (effunditur.
1263 1184 1314 1244 Ita

224 1270 303 1326 enim
327 1288 425 1325 antisse
452 1271 549 1324 totius
571 1269 653 1326 stilae
684 1269 780 1325 lirare
798 1264 985 1326 determinat.
1029 1283 1099 1328 nnn
1120 1285 1177 1330 nnn
1199 1285 1247 1328 snt
1266 1285 1314 1330 tn·

224 1366 303 1412 nect
325 1368 400 1412 nune
416 1366 543 1426 evenne
555 1357 652 1412 noan
672 1351 850 1412 uetuerunt
868 1352 930 1412 dies
946 1351 1043 1412 Thera
1063 1353 1195 1432 quinque
1214 1374 1316 1413 anno-

223 1456 291 1495 rum
306 1446 336 1494 et
354 1435 564 1515 quadraginta,
586 1445 615 1494 et
635 1439 705 1500 100.
719 1455 875 1496 annorum.
924 1436 975 1496 Ita
997 1439 1031 1494 in
1052 1435 1162 1495 Codice
1174 1441 1316 1497 Samari·

129 1515 162 1572 P·
176 1518 213 1574 82
229 1532 302 1579 tane
326 1532 395 1578 ante
417 1524 508 1586 1300.
530 1541 627 1578 annos
651 1521 725 1598 legit
745 1522 914 1596 Erecthius,
937 1532 972 1579 nt
993 1541 1027 1580 ex
1039 1524 1232 1600 fragmentis
1250 1527 1315 1585 τῶν

223 1609 373 1688 χρονικῶν
392 1600 533 1665 κανόνων
558 1605 726 1682 colligitur.
769 1604 849 1663 llsec
868 1606 937 1681 ille,
958 1605 1011 1683 qui
1032 1605 1157 1664 admissa
1172 1605 1315 1666 Hebraici

222 1699 253 1751 et
268 1689 459 1768 Septuaginta
475 1696 611 1747 textuum
625 1690 851 1767 depravatione,
874 1689 965 1748 unico
986 1709 1074 1767 quem
1095 1690 1243 1767 integrum
1262 1709 1334 1752 es-.

198 1763 203 1776 ⁸
222 1774 342 1846 stisnat,
364 1770 539 1830 Samaritani
553 1773 670 1832 Codicis
684 1773 768 1833 radio
785 1772 1068 1833 omncmdubietatis
1083 1775 1238 1850 caliginem
1249 1775 1316 1835 dis·

224 1859 318 1932 cutit,
341 1867 371 1916 et
387 1877 403 1914 e
418 1856 670 1934 Chronologorum
684 1868 782 1917 incute
794 1867 922 1920 amovet.
963 1858 1060 1917 Patris
1072 1856 1221 1936 siquidem
1233 1880 1316 1919 anno

222 1948 274 2008 70.
294 1950 382 2000 natus
394 1939 544 2002 Abraham
559 1943 663 2001 aetatis
677 1943 817 2022 propriae
829 1944 880 2008 75.
896 1942 1119 2021 prosectionem,
1140 1952 1225 2021 patre
1243 1943 1314 2008 145.

220 2035 382 2106 provecto,
404 2036 433 2085 et
448 2026 506 2085 iarn
521 2026 584 2085 vita
601 2027 705 2086 functo
718 2028 858 2106 suscepit.
889 2032 921 2094 6.
935 2027 1045 2086 Ultima
1059 2035 1104 2085 est
1124 2025 1269 2086 Aetheris
1283 2036 1316 2087 et

219 2111 301 2172 inter
317 2110 487 2190 probabiles
505 2112 660 2190 potissima
677 2112 864 2171 difficultatis
879 2112 1006 2187 solutio,
1028 2109 1176 2171 Abraham
1190 2113 1242 2177 75.
1262 2112 1315 2172 vi·

220 2203 268 2254 tae
283 2215 379 2270 anuo,
401 2215 439 2254 ex
457 2196 508 2254 llei
529 2197 628 2272 iussu,
648 2194 891 2256 chanaanitidis:
912 2195 1097 2276 provinciam
1119 2195 1259 2275 petiisse,
1282 2204 1315 2255 et

219 2280 259 2339 sd
281 2280 358 2340 illud
381 2279 439 2340 iter
461 2281 682 2361 arripiendum,
704 2291 789 2362 patro
809 2283 869 2340 iam
892 2290 1031 2357 mortno,
1061 2279 1115 2339 uei
1136 2279 1315 2340 mandatum

219 2366 386 2445 accepisse3
409 2375 514 2444 patre,
530 2367 669 2445 inquam,
690 2365 770 2425 letho
787 2367 919 2440 aninsae,
941 2387 1002 2425 non
1016 2365 1166 2444 corporis,
1188 2365 1247 2423 iam
1260 2384 1314 2444 pe.

219 2449 301 2509 nitus
315 2449 418 2508 evites
432 2450 518 2525 libro,
540 2470 601 2508 non
613 2449 750 2508 vivorum
761 2449 828 2507 albo
844 2450 951 2524 deleto,
972 2470 1042 2508 cunr
1055 2449 1087 2506 in
1101 2448 1314 2524 idololatriam,

219 2533 326 2593 relicto
344 2532 396 2590 nei
410 2533 513 2608 cultu,
534 2542 660 2614 propter
677 2553 795 2611 queme
812 2531 958 2591 Chaldaea
977 2534 1074 2591 luerat
1095 2531 1224 2602 eiectus,
1246 2533 1315 2591 mi-

221 2638 286 2678 sere
300 2617 458 2698 prolapsus
470 2627 523 2676 cat.
565 2618 646 2676 Haec
662 2618 739 2675 enim
752 2617 812 2676 fuit
828 2616 924 2676 There
945 2626 975 2676 et
990 2614 1139 2675 Abrabam
1152 2615 1189 2674 'in
1209 2615 1315 2676 bleso-

219 2703 381 2782 potamiam
396 2702 560 2779 emigrandi
573 2701 702 2769 occasio,
725 2711 761 2760 ut
775 2701 886 2760 Achior
900 2701 1083 2761 Ammonitas
1097 2698 1199 2757 ludith
1215 2701 1245 2765 5.
1259 2700 1316 2759 de·

220 2787 347 2845 nunciat
360 2785 525 2849 Holuscrni.
561 2789 626 2845 Hic
635 2790 771 2864 primum
779 2789 813 2844 in
822 2787 1042 2865 Mesopotamia
1054 2784 1217 2855 habitarit,
1238 2805 1314 2863 quo.
1354 2820 1359 2826 -

220 2874 307 2928 niam
321 2871 482 2928 noluerunt
498 2874 586 2948 sequti
597 2871 678 2928 Deos
692 2882 822 2948 patrum
839 2891 983 2944 eteorum,
1006 2871 1060 2946 qui
1079 2879 1166 2926 erant
1179 2871 1215 2925 in
1230 2879 1315 2927 terra

223 2953 450 3014 Chaldaeorum
472 2965 525 3012 etc.
547 2955 683 3032 quamvis
702 2973 763 3032 quo
783 2953 910 3014 crimine
929 2974 960 3012 se
974 2953 1171 3025 liberaverat,
1192 2952 1314 3013 demum

219 3039 340 3117 turpius
355 3037 565 3113 obstrinxerit,
587 3048 619 3098 ut
632 3038 794 3118 exprobrat
807 3039 892 3097 lnsue
906 3037 1036 3116 lib..cep.
1050 3035 1101 3103 24.
1134 3039 1230 3119 Thana
1245 3038 1316 3114 flae-

218 3127 305 3184 sn'um
317 3124 531 3182 lectitaverant
548 3134 652 3201 patres
674 3126 766 3182 vestri
788 3123 827 3182 ab
848 3125 955 3198 initio,
983 3124 1080 3181 litare
1094 3133 1187 3200 pater
1204 3120 1317 3180 Abra-

218 3207 309 3284 ltnm,
332 3219 359 3265 et
373 3209 513 3284 Martem,
535 3211 763 3288 serviamque
784 3211 859 3266 Diis
874 3209 995 3269 alienis.
1045 3206 1112 3266 Hoc
1130 3216 1228 3266 autem
1249 3204 1316 3266 cri-

218 3311 288 3352 men
302 3292 397 3353 There
411 3294 444 3352 in
458 3301 583 3354 mortem
599 3293 807 3374 imputandum
821 3302 983 3371 suggerunt
999 3289 1116 3351 infinita
1135 3291 1317 3370 Scriptura-

218 3397 287 3437 rum
303 3377 447 3457 exempla.
491 3380 622 3437 Dimitte
642 3390 794 3452 mortuos,
816 3378 859 3438 ait
872 3378 938 3457 ipse
952 3376 1104 3451 Christus,
1124 3373 1185 3434 hoc
1203 3385 1249 3435 eet
1260 3395 1317 3436 re·

218 3459 274 3520 bus
300 3461 420 3521 caducis
440 3461 575 3521 addictos
581 3507 592 3539 ,
612 3465 736 3542 sepelire
757 3475 903 3523 mertuos.
945 3464 981 3522 Si
1001 3458 1168 3518 secundum
1191 3479 1316 3518 carnem

218 3547 376 3619 vixeritis,
397 3549 585 3603 moriemini:
607 3548 712 3607 scribit
730 3549 891 3629 Apostolus
906 3547 945 3606 ed
961 3548 1046 3606 Rom.
1067 3565 1134 3628 cep-
1149 3549 1178 3611 8.
1204 3542 1315 3604 Vidua

220 3626 339 3686 deliciis
356 3629 459 3686 soluta
478 3642 601 3688 mortua
622 3633 750 3691 relertur
769 3634 808 3692 ad
829 3630 960 3692 Timotb.
975 3651 1042 3711 cap.
1056 3631 1087 3696 5.
1100 3639 1137 3689 ut
1151 3638 1181 3688 et
1192 3626 1314 3688 iuvenis

217 3712 271 3774 ille
286 3721 436 3773 scortator
449 3723 479 3772 et
492 3735 585 3792 ganeo
598 3716 695 3775 Lucae
707 3716 756 3783 15.
766 3717 804 3776 de
821 3737 881 3796 quo
892 3726 988 3796 pater.
1021 3715 1126 3775 Filius
1136 3733 1220 3770 meua
1230 3731 1315 3770 neor.

219 3809 294 3857 tuna
308 3808 388 3874 erat,
415 3808 444 3856 et
468 3802 593 3858 revixit:
614 3820 649 3859 ac
669 3801 787 3860 densum
809 3811 844 3860 ut
863 3803 902 3859 ad
924 3803 1038 3862 crimen
1059 3799 1175 3879 ipsum,
1195 3797 1233 3856 de
1251 3815 1314 3874 quo

218 3882 366 3942 iudicium
381 3882 493 3959 agitur,
515 3905 678 3945 sermonem
701 3895 925 3947 convertemus:
947 3888 1132 3946 Colosaeuses
1152 3881 1315 3961 compellet

218 3966 382 4046 Apostolus
397 3987 462 4047 cap.
477 3974 507 4032 2.
522 3977 664 4048 tanquam
685 3980 835 4045 mortuos,
857 3992 893 4032 eo
914 3971 996 4051 quod
1018 3965 1207 4029 idololatriae
1227 3963 1313 4024 letbo

219 4053 360 4126 extincti,
382 4073 452 4112 cum
470 4056 586 4111 mortni
602 4066 697 4113 esseest
713 4059 747 4114 in
761 4055 882 4115 delictis
896 4068 925 4114 et
936 4054 1099 4134 praeputio
1116 4053 1230 4126 earnis,
1247 4068 1315 4110 ces·

221 4135 265 4194 cia
290 4137 387 4196 avitae
414 4136 589 4216 gentilitatis
607 4140 737 4199 tenebris
765 4139 993 4221 dissipatis,sin
1013 4135 1188 4196 admirabile
1210 4134 1316 4193 lumen

220 4219 288 4280 Iesu
302 4221 415 4281 Christi
428 4225 545 4282 luerent
558 4222 667 4283 vocati.
709 4224 979 4307 Hancpropoaitae
992 4220 1178 4281 difficultatis
1189 4239 1314 4294 novam,

221 4313 256 4362 ut
267 4305 331 4386 ipse
343 4309 483 4383 rebatur,
504 4308 709 4370 enodationem
725 4330 757 4367 se
768 4308 957 4368 adinvenisse
969 4305 1050 4387 apud
1062 4324 1125 4365 sese
1137 4323 1243 4365 recens
1254 4321 1315 4361 su·

223 4386 294 4450 thor
306 4391 507 4472 gloriabatur,
528 4413 597 4454 cunr
612 4393 649 4453 ab
667 4393 788 4454 Andrea
803 4393 899 4454 blasio
911 4393 998 4474 priua
1014 4399 1165 4474 repertam
1184 4389 1223 4449 ab
1235 4384 1316 4447 ami-
