3109 4959
594 426 733 499 Gonni
753 425 979 542 uturum.
1266 416 1316 495 61

126 638 128 641 Α
226 600 292 645 rum
301 588 458 664 penetrato
472 579 555 645 aedis
569 582 652 645 Tuas
661 584 885 664 augustissimas
899 583 1013 662 limine,
1031 572 1126 645 mem
1140 584 1174 647 in
1187 604 1221 647 aa
1234 586 1317 650 sami.

224 668 327 729 liuius
342 668 466 747 quaerit.
507 669 550 729 Te
565 668 684 734 iubente
700 670 763 731 luci
779 670 934 744 redditus,
953 669 1012 729 nisi
1026 670 1081 730 sub
1094 670 1136 730 Te
1149 671 1246 732 lucem
1260 693 1318 735 ne·

224 752 291 833 quit
301 752 464 833 adspicere,
485 761 525 829 et,
537 752 597 813 nisi
610 753 690 815 inter-
701 754 791 831 Tuos,
811 753 999 836 superstitem
1012 752 1114 815 vivere
1128 754 1316 833 dedignatur.

222 836 370 898 Comitem
388 836 480 899 hebet
494 837 725 920 praecipuorum
746 839 880 915 Ducum,
903 840 1109 919 Satraparum,
1127 840 1317 920 Pontificum,

220 921 436 1002 Imperatorum
460 942 621 1001 coronam,
652 944 728 1002 quac
751 922 997 984 Christianismi
1017 922 1105 1002 Regis
1126 923 1192 984 lilia
1213 927 1317 987 aedem

221 1006 318 1067 Tuam
341 1005 610 1089 circumstipantia,
631 1008 723 1086 Regis
745 1016 863 1088 sceptra
879 1007 1051 1086 dignitatem
1071 1016 1101 1067 et
1119 1010 1213 1070 fasces
1236 1011 1316 1072 Tuos

221 1090 387 1151 munientia
400 1101 567 1155 veneretur.
610 1092 683 1151 llox
704 1112 796 1169 vero,
816 1093 869 1153 ubi
883 1092 957 1151 Tea
976 1091 1075 1170 Regiis
1090 1092 1169 1153 curis
1188 1093 1316 1155 liberum

222 1183 252 1233 et
264 1194 282 1233 a
296 1174 444 1237 Palatinae
460 1176 674 1257 popularisque
688 1176 796 1237 turbae
814 1177 1074 1257 cusumatrepcntc
1085 1178 1219 1238 tumultu
1232 1177 1315 1260 (nam

221 1259 311 1337 Regi,
333 1260 450 1341 Regno,
478 1260 618 1337 Senatui,
647 1262 762 1341 Populo
780 1270 862 1321 totus
882 1260 988 1323 vixisti
1009 1259 1152 1342 semper),
1173 1262 1314 1323 nonnihil

222 1345 357 1422 quietum
386 1345 566 1426 compererit
593 1346 767 1425 syncellus,
797 1353 828 1405 et
855 1344 888 1404 in
919 1346 1073 1406 mmetiori
1100 1347 1314 1426 sacratiorique

221 1435 358 1489 muscae
374 1430 540 1510 Regiasque
560 1430 720 1491 maiestatis
743 1438 806 1490 ate
821 1430 972 1490 custodito
992 1426 1117 1513 cuglrga
1137 1440 1168 1490 et
1182 1432 1313 1493 sacrario

220 1511 520 1575 honorificentissime
540 1515 723 1591 collocatus,
743 1516 810 1575 Tuo
833 1513 977 1574 convictu
996 1512 1104 1592 diguus
1125 1533 1143 1572 a
1164 1515 1206 1575 Te
1222 1516 1315 1577 luerit

220 1596 379 1675 iudicatus,
402 1600 476 1679 quid
492 1599 519 1659 is
540 1601 600 1673 Te,
618 1610 755 1660 mortuus
776 1600 865 1675 licet,
885 1619 949 1659 non
962 1597 1154 1659 amassent
1177 1600 1258 1675 Quid
1275 1601 1314 1661 de

220 1680 278 1760 Te,
306 1692 408 1743 mutus
425 1684 517 1761 licet,
545 1703 609 1744 non
628 1685 782 1764 loquetur,
810 1682 873 1743 non
896 1682 1105 1763 praedicabit?
1136 1683 1312 1745 Observabit

220 1766 301 1845 quod
314 1769 403 1847 Regi,
423 1769 565 1829 Palatinis
580 1766 752 1845 ordinibus,
776 1767 912 1842 Senatui,
933 1765 1050 1847 Populo
1064 1766 1227 1827 meridiana
1242 1768 1311 1829 luce

219 1851 329 1911 clarius
349 1852 526 1929 innotescit,
549 1854 629 1931 quod
650 1873 705 1911 nec
720 1852 838 1929 ignorat
855 1851 979 1931 vulgus,
1001 1869 1058 1910 nec
1074 1859 1153 1910 tacet
1174 1851 1311 1931 quisquis

159 2004 160 2009 η
219 1935 257 1994 de
269 1930 310 1995 ‘le
322 1956 384 1995 non
397 1937 544 2015 malignus
559 1936 707 2015 loquitur,
727 1936 761 1994 in
777 1935 819 1994 Te
830 1935 1005 2011 collectum,
1026 1934 1110 2007 velut
1122 1935 1156 1994 iu
1168 1955 1309 2017 supremo

218 2018 327 2093 iudice,
342 2019 487 2099 quicquid
499 2021 620 2081 virtutis
633 2021 664 2080 in
678 2019 870 2080 inferioribus
882 2039 1021 2099 sparsum
1031 2019 1193 2099 reperitur.
1220 2021 1310 2081 Prae-

212 2104 346 2180 dicabit,
368 2104 495 2183 quadiu
513 2102 714 2185 optimatibus
730 2124 850 2179 rarum,
875 2124 915 2163 ne
933 2103 1030 2163 dicam
1044 2103 1221 2181 insolitum,
1242 2104 1311 2163 Tibi

217 2186 412 2249 domesticum
431 2208 467 2247 ac
485 2190 659 2270 proprium,
690 2187 868 2267 multiplicis
887 2188 1062 2247 eruditionis
1082 2187 1232 2265 studium,
1261 2187 1312 2249 cui

219 2272 350 2350 accedit,
378 2272 460 2353 quod
475 2274 608 2333 nobilius
632 2282 693 2351 est,
716 2292 784 2349 erga
804 2292 852 2330 res
871 2291 988 2347 sacrae,
1010 2271 1178 2332 doctrinam
1198 2293 1310 2350 mnam,

218 2366 250 2416 et
269 2378 355 2417 sacra
374 2358 486 2438 scripta
502 2358 548 2417 sic
560 2357 684 2419 affectus
702 2357 839 2434 animus,
864 2364 900 2415 ut
917 2357 972 2435 qui
991 2355 1064 2416 haec
1081 2377 1119 2416 ex
1133 2359 1265 2437 professo
1279 2367 1311 2417 et

218 2441 298 2502 vitae
320 2442 459 2502 instituto
481 2452 620 2520 versant,
649 2442 682 2501 in
704 2442 763 2517 Te,
794 2441 876 2519 quod
896 2442 1055 2517 mirentur,
1082 2459 1122 2501 ex
1140 2442 1196 2519 Te,
1228 2441 1310 2521 qued

217 2526 389 2601 addiscant,
409 2526 574 2589 inveniant.
618 2524 714 2585 Testis
733 2522 807 2585 milri
822 2525 919 2583 aderit
931 2545 982 2585 rus
1005 2543 1160 2593 amoenum
1179 2525 1257 2585 illud
1278 2535 1310 2585 et

217 2608 419 2669 suburbanum
433 2610 576 2670 Rosniusn
590 2610 631 2671 ad
646 2612 827 2688 Sequanam,
849 2628 986 2667 curarum
1001 2617 1033 2667 et
1046 2608 1143 2669 oneris
1156 2609 1214 2668 Tui
1226 2609 1310 2670 leva·

217 2713 307 2767 men,
328 2714 389 2773 quo
409 2692 458 2754 vir
474 2695 534 2754 Deo
551 2693 686 2770 deditus,
709 2702 761 2752 aut
777 2691 913 2751 eruditus
927 2690 1026 2770 quivis
1038 2693 1200 2769 admissus,
1220 2712 1309 2774 prae-

217 2787 265 2840 ter
279 2778 370 2837 animi
380 2776 567 2855 firmitatem,
588 2798 647 2858 qus
662 2776 784 2837 mutatis
795 2776 901 2851 rebus,
921 2775 1000 2836 nihil
1014 2776 1053 2836 ad
1071 2773 1113 2836 Ta
1134 2776 1237 2854 Curis,
1257 2779 1309 2840 vel

217 2864 311 2924 sune
321 2862 427 2941 Regiae
438 2862 604 2924 sublimitas
617 2862 764 2943 pertinere
774 2860 840 2921 visa
853 2868 907 2935 cat,
929 2862 1002 2940 quin
1014 2859 1104 2921 etiam
1113 2861 1308 2941 pietate-Tua,

218 2958 248 3008 et
260 2948 298 3006 ad
310 2948 410 3007 studia
423 2968 506 3008 sacra
516 2948 714 3028 propensione
725 2954 849 3017 tentata,
861 2944 1083 3006 dissertationes
1097 2946 1235 3007 docuina
1245 2966 1309 3009 non

217 3032 363 3113 impares,
383 3033 524 3094 facundia
540 3032 768 3112 praestantiores
782 3030 939 3091 instituere
951 3030 993 3090 Te
1013 3050 1117 3111 posse,
1131 3040 1161 3091 ct
1181 3032 1309 3092 institu-

217 3116 257 3175 tis
280 3117 422 3195 congredi
446 3118 649 3215 stupasaetns,
679 3136 752 3176 num
775 3115 942 3175 studiorum
967 3123 1200 3196 temperamento
1222 3136 1309 3175 com-

217 3199 298 3259 missi
313 3201 505 3279 gubernacuh
520 3202 697 3279 gravitatem
708 3201 839 3275 levares,
859 3200 910 3259 rel
929 3219 1085 3280 operosum
1100 3219 1136 3257 ac
1149 3200 1240 3261 rebus
1252 3220 1309 3279 gs·

217 3284 318 3344 tendis
340 3284 537 3344 exercitatum
554 3304 642 3344 usum
661 3284 764 3343 divina
781 3301 935 3362 superares
950 3284 1134 3361 cognitione,
1158 3283 1307 3345 affirmare

217 3368 352 3444 nescius,
373 3368 520 3429 abscessit.
561 3368 749 3427 Postmodum
762 3367 916 3446 Syncellua
929 3367 1026 3445 Regiis
1038 3368 1205 3448 sumptibus
1218 3378 1248 3428 et
1258 3379 1308 3449 ty.

217 3454 264 3534 pis
279 3452 434 3531 espulvere
449 3462 479 3512 et
492 3451 626 3515 tenebris
641 3451 784 3527 eductus,
805 3450 844 3509 ob
864 3457 1009 3512 tutemet
1025 3450 1149 3512 honoris
1163 3453 1308 3534 plenissi-

217 3557 301 3597 mum
315 3538 414 3597 locum
435 3536 588 3615 augustior
612 3537 747 3611 futurus,
766 3534 801 3593 in
813 3534 1024 3594 bibliothecam
1040 3537 1133 3597 Tuam
1152 3558 1216 3598 sese
1230 3538 1308 3599 lenis

217 3621 399 3697 insinuabit,
419 3631 454 3681 ut
471 3622 552 3681 orbis
573 3622 672 3681 lucem
692 3620 845 3701 adspiciat.
885 3618 980 3680 lstlric
998 3619 1154 3683 interfata
1174 3623 1307 3700 iunctos,

217 3707 336 3786 scriptis
353 3716 488 3765 aeternos
502 3716 652 3782 auctores,
674 3726 750 3785 quos
766 3726 828 3765 non
839 3704 895 3764 nisi
908 3704 1050 3784 probatos
1064 3702 1226 3785 collegisti,
1247 3728 1307 3788 po·

219 3792 310 3866 situs,
332 3790 496 3870 tranquille
511 3792 696 3872 perennitate
713 3790 878 3871 promissa,
897 3788 970 3865 sibi,
991 3800 1022 3850 et
1040 3792 1174 3871 reliquae
1188 3792 1307 3853 litters·
1433 3801 1435 3804 '

219 3878 317 3934 torum
331 3885 482 3952 catervae,
505 3894 568 3935 non
581 3876 654 3935 adca
667 3874 867 3934 blausolaeum
880 3874 1024 3953 mortuis,
1045 3896 1136 3956 quam
1150 3876 1228 3937 vivis
1241 3876 1305 3935 blu-

219 3958 373 4035 cacumin
400 3959 472 4019 aede
493 3960 556 4019 Tua
577 3968 761 4026 exstructum
782 3958 992 4037 gratulabitur:
1018 3979 1075 4019 uec
1100 3960 1191 4039 magia
1219 3960 1306 4021 vivos

220 4042 409 4103 scientiarum
423 4051 453 4102 et
467 4042 643 4104 immortalis
655 4042 784 4104 neminis
796 4042 890 4102 teneri
905 4043 1061 4123 cupidine,
1083 4066 1170 4125 quarn
1183 4044 1224 4104 Tc
1233 4063 1304 4140 per-

219 4138 325 4207 petuae
341 4126 499 4187 memoriae
513 4147 668 4207 securum,
690 4126 917 4187 cohonestandis
930 4127 1039 4188 litteris
1055 4150 1090 4187 ac
1104 4127 1241 4188 litteratis
1257 4128 1306 4188 fe-

219 4212 319 4271 liciter
336 4220 440 4271 natum
458 4213 637 4273 enunciabit.
680 4210 721 4271 Ea
739 4210 890 4270 beatitatis
906 4212 977 4272 acde
996 4211 1233 4273 abblandientem
1249 4212 1307 4271 sibi

220 4295 400 4374 Georgium,
421 4304 452 4353 ct
466 4296 621 4356 voluntate
643 4316 699 4375 pro
721 4295 802 4354 votis
824 4296 958 4374 expleta,
985 4318 1040 4377 per
1052 4297 1230 4375 locupletem
1249 4296 1307 4356 Bi·

219 4378 384 4441 bliothecae
397 4379 483 4440 istim
495 4400 595 4461 gazam
611 4379 751 4442 lascivire
764 4389 794 4439 et
807 4378 938 4439 deliciari
949 4379 1126 4461 permittes?
1151 4380 1307 4443 Scrutabi-
