3109 4959
537 435 598 501 ΕΤ
619 429 971 501 Anuoru'rloltus.
1227 425 1303 502 579

214 599 283 656 sem
297 592 361 652 eius
374 599 460 672 pater
472 610 551 651 enno
565 589 629 650 Noe
642 592 715 657 500.
729 589 898 674 productus
910 610 950 650 ex
961 589 1066 648 Genea.
1078 607 1144 670 cap.
1159 592 1187 657 5.
1202 611 1231 653 v.
1243 592 1302 656 ult.

216 675 401 740 centenarius
427 677 566 740 eivitam
581 676 754 735 contulisset
768 675 845 739 Gen.
860 696 925 753 cap.
943 679 993 741 11.
1008 693 1038 734 v.
1055 677 1105 738 10.
1147 677 1214 734 Sem
1237 687 1304 738 erat

215 769 287 830 100.
306 782 457 821 annorum
473 757 597 841 quaudo
611 764 719 840 genuit
738 759 931 838 Arphaxad:
958 777 1048 838 quare
1062 778 1125 817 non
1141 759 1199 818 alio
1213 782 1303 840 quam

213 847 321 909 diluvii
334 847 470 921 obeuntis
485 865 574 905 anno.
614 845 757 919 Quamvis
769 865 857 918 porro
871 839 943 925 perd
957 840 1011 907 τδν
1025 839 1231 924 κατακλυσμὸν
1241 846 1303 906 Δε-

211 931 333 1013 pltaxsd
348 931 426 991 diem
444 930 572 990 natalem
593 939 704 989 asserat
725 950 791 1008 pag.
806 934 857 995 86.
876 928 981 1004 citata,
1001 927 1113 1008 privati
1126 937 1226 989 tamen
1245 949 1301 991 cu-

205 1017 318 1096 iusque
341 1014 529 1075 Patriarcbae
550 1024 675 1074 oetatem
696 1014 887 1094 filiorumque
910 1023 995 1073 ortus
1018 1013 1056 1070 ed
1081 1012 1187 1072 mundi
1207 1035 1302 1076 annos

212 1120 387 1181 comparans
408 1101 525 1180 abipso
545 1099 655 1158 diluvii
669 1120 746 1159 anno
763 1109 793 1159 et
805 1097 969 1180 Arpbaxad
987 1106 1055 1156 ortu
1069 1106 1211 1177 tauquam
1227 1118 1303 1180 epo-

213 1185 269 1244 clra
281 1185 442 1244 certissima
461 1186 565 1245 seriem
581 1203 699 1244 omnem
715 1205 785 1244 cum
800 1185 868 1246 loco
881 1184 1016 1266 praefato
1030 1191 1095 1242 tum
1109 1203 1176 1262 pag.
1189 1189 1240 1250 99.
1257 1184 1302 1244 di.

211 1269 299 1330 sertis
313 1269 410 1329 verbis
426 1269 555 1330 deducit.

231 1404 235 1409 .
296 1349 399 1433 Γρττβ.
422 1353 478 1428 ἕως
495 1346 616 1433 πρώτον
636 1351 721 1426 έτους
740 1345 874 1431 uuanda
892 1343 1043 1431 Εὐσέβιος
1062 1348 1230 1434 ἐξέδωκεν]
1257 1351 1304 1412 sd

211 1457 305 1498 annos
319 1440 413 1504 3202.
429 1461 446 1496 a
460 1438 565 1497 mundi
580 1437 703 1498 exordio
720 1436 758 1495 ad
773 1435 920 1496 Abraham
936 1437 1014 1495 diem
1030 1437 1157 1496 iratalem
1171 1438 1206 1496 sb
1221 1438 1304 1497 Afri.

212 1542 287 1582 cano
301 1522 458 1599 collectos,
481 1522 568 1582 annis
584 1523 697 1582 Gainsn
712 1521 820 1580 debitis
832 1527 901 1588 100.
916 1530 946 1580 ot
959 1522 1059 1580 decem
1072 1521 1191 1599 additis,
1213 1521 1305 1582 aliam

210 1626 359 1667 annorum
375 1628 521 1667 summam
541 1611 634 1674 3312.
654 1626 730 1687 quae
742 1607 781 1666 ad
798 1605 940 1666 luthoris
959 1617 1086 1666 mentem
1101 1616 1161 1683 est,
1183 1627 1306 1688 compo-

209 1710 281 1750 nere
300 1693 491 1752 facillimum:
520 1712 558 1751 ex
580 1713 639 1771 qua
658 1712 779 1753 rursum
799 1711 914 1751 summa
937 1690 1077 1751 detractis
1091 1691 1200 1751 cainan
1219 1693 1305 1753 annis

211 1779 281 1842 130.
304 1776 360 1836 soli
381 1787 543 1856 supersunt
565 1781 659 1843 8189.
681 1777 789 1858 quibus
815 1796 853 1834 ex
879 1777 1005 1836 Eusebio
1032 1786 1135 1835 natum
1156 1776 1306 1836 Abraham

209 1862 385 1921 oscitantius
404 1861 523 1922 Autlaor
538 1863 651 1922 asserit.
693 1863 734 1922 At
749 1882 816 1920 cum
835 1881 897 1920 non
912 1881 946 1919 eo
964 1882 1024 1939 spuo
1047 1861 1194 1920 diluvium
1207 1861 1306 1920 coriti.

209 1944 253 2021 git
270 1965 369 2023 auno,
388 1948 473 2007 velut
486 1947 665 2022 Africanus,
688 1945 730 2005 its
745 1945 891 2006 Eusebius
906 1947 1036 2024 genitum
1050 1947 1229 2026 Arphaxsd‚
1251 1945 1305 2006 sed

208 2029 325 2108 integro
338 2042 407 2110 post
424 2031 501 2090 illud
513 2031 633 2091 biennio
648 2031 769 2111 probets
801 2029 874 2089 hinc
893 2052 955 2090 nou
973 2035 1065 2096 3182.
1088 2041 1191 2091 natum
1207 2031 1304 2092 Abra·

207 2110 277 2171 bam
295 2117 414 2195 posuit,
439 2115 493 2175 sed
509 2117 603 2181 3184.
624 2117 710 2175 cuius
732 2114 892 2174 Eusebiani
913 2117 1030 2174 numeri
1052 2118 1220 2176 accuratius
1238 2137 1305 2196 per·-

207 2198 294 2278 pensi
313 2200 431 2260 Autbor
451 2202 514 2281 ipse
530 2210 634 2260 testem
649 2221 681 2260 se
700 2201 816 2281 profert
834 2200 932 2280 pagin.
946 2205 997 2266 87.
1016 2203 1049 2263 Β.
1063 2205 1113 2267 89.
1129 2202 1165 2260 D.
1186 2206 1255 2266 111.
1271 2201 1305 2259 Β.

209 2290 240 2341 ct
260 2282 342 2345 allisa
371 2304 446 2364 quae
467 2286 586 2346 numeri
602 2279 707 2372 ,γρττδῖ
726 2286 820 2352 3184.
840 2284 874 2344 in
892 2287 1024 2364 margine
1045 2285 1234 2366 suppoueudi
1255 2305 1305 2346 rs-

207 2366 253 2426 tio
266 2368 333 2429 fuit.

293 2452 372 2535 Περὶ
388 2457 449 2516 τῶν
465 2449 538 2534 perol
553 2449 605 2515 adr
625 2447 834 2533 νατανλνσμδν
847 2445 1003 2534 Alyaiuroo
1020 2452 1226 2534 δυναστειῶν]
1247 2454 1306 2512 lle-

208 2554 280 2613 gum
296 2538 422 2618 Aegypti
438 2546 469 2598 et
484 2538 693 2617 Dynastiarum
709 2537 773 2597 eius
792 2541 843 2604 31.
864 2538 1006 2598 latercula
1027 2539 1087 2598 duo
1105 2539 1141 2598 ab
1161 2540 1303 2599 Africano

210 2627 241 2677 et
255 2619 378 2679 Eusebio
398 2643 436 2680 ex
450 2621 638 2682 Manetlronis
656 2623 796 2703 operibus
814 2623 924 2701 digesta
939 2625 1082 2702 separatis
1096 2623 1171 2680 locis
1187 2623 1304 2700 profert

209 2703 341 2781 Scaliger
353 2705 386 2762 in
400 2708 566 2784 excerptis:
594 2708 677 2766 illius
691 2727 757 2786 pag.
773 2709 846 2772 355.
862 2708 984 2765 alterius
998 2726 1056 2785 pag
1072 2706 1122 2772 14.
1139 2705 1221 2764 illios
1236 2725 1305 2766 rur.

209 2809 278 2849 sum
297 2789 441 2849 laterculo
459 2789 586 2848 titulum
603 2788 685 2848 bunc
705 2789 865 2850 adiuvenit.
898 2789 1043 2868 βασιλέων
1057 2789 1232 2871 Αἰγυπτίων
1251 2792 1303 2853 dv·

208 2875 342 2936 ναστεέαι
352 2869 427 2936 sosoi
441 2869 498 2953 erio
510 2871 651 2955 δευτέραν
663 2871 783 2936 ἔκδοσιν
796 2869 862 2952 (qui
874 2873 963 2933 aliam
979 2894 1039 2933 nou
1053 2873 1199 2951 exhibuit,
1213 2875 1305 2953 quiu-

209 2958 300 3018 immo
314 2959 460 3019 diversam
474 2959 511 3016 ab
525 2978 560 3017 eo
574 2968 604 3017 et
617 2958 778 3018 secundam
792 2958 937 3018 Eusebius
950 2955 1056 3038 edidit)
1077 2959 1110 3021 ἐκ
1129 2963 1192 3022 τῶν
1206 2956 1305 3039 τόνων

208 3047 353 3105 Μανεθῶ
368 3048 423 3106 τοῦ
439 3041 540 3123 ἱερέως
554 3044 737 3124 Αἰγυπτίου,
766 3043 864 3122 (qussi
882 3063 921 3102 ex
933 3044 1000 3124 ipso
1014 3043 1193 3103 Manethone
1207 3046 1302 3103 eolle-

210 3126 302 3204 gerit‚
327 3136 357 3186 et
375 3149 437 3186 non
459 3149 496 3188 ex
518 3126 641 3206 Georgii
664 3129 797 3207 syncelli
818 3127 1081 3210 Chronographico
1102 3127 1303 3214 syntagmate)

211 3205 315 3295 norim
330 3212 487 3272 δυναστεία
501 3214 647 3273 &eraseris
662 3213 809 3292 βασιλέων
823 3209 907 3276 ὀκτώ.

295 3290 385 3358 Messi
400 3289 510 3367 νεκύας
526 3291 781 3375 redecimatione]
807 3298 902 3357 Semel
919 3316 954 3356 ac
974 3295 1082 3354 itemm
1098 3295 1245 3355 semideos
1267 3317 1303 3355 ac

209 3373 320 3453 νεκδας
334 3379 467 3440 diversos
484 3380 578 3440 refert
597 3378 713 3439 Autlror
726 3401 794 3459 pag.
809 3383 860 3447 40.
881 3383 918 3442 1).
935 3379 986 3439 bic
998 3379 1114 3441 sublato
1129 3380 1301 3442 discrimine

208 3466 326 3528 eosdem
345 3464 459 3534 statuit,
501 3462 653 3523 Semideos
676 3474 706 3523 et
719 3464 834 3524 Heroas
856 3465 922 3544 quis
941 3465 1076 3526 diversos
1097 3466 1218 3542 babeat,
1239 3466 1300 3526 nisi

208 3552 261 3631 qui
273 3551 392 3611 nomine
403 3551 544 3627 Deom,
565 3569 640 3629 quos
652 3547 800 3608 maiorum
814 3549 962 3628 gentium5
984 3551 1206 3627 Semideorum,
1226 3572 1300 3630 quos

205 3636 357 3696 minorum
369 3634 519 3714 gentinm3
540 3629 671 3710 νεκύων,
693 3655 768 3716 quos
783 3633 912 3714 Heroas,
933 3641 1078 3716 θνητῶν,
1100 3657 1175 3716 quos
1188 3646 1299 3697 morta.

205 3721 250 3782 les
263 3720 409 3796 dicimus,
429 3720 598 3797 intelligat?

293 3804 467 3885 Θεεινέτης.]
490 3807 641 3884 Θεινέτης,
664 3814 694 3864 et
708 3801 833 3884 Θενέτης
849 3805 928 3864 infra
943 3804 1067 3882 legitur,
1088 3804 1219 3866 a'fbena
1238 3805 1300 3866 for·

207 3908 263 3948 san
275 3890 442 3949 Nomadum
457 3889 570 3971 oppido
587 3911 605 3947 a
622 3889 719 3949 Plinio
733 3890 785 3947 lib.
800 3895 829 3954 6.
846 3909 910 3968 cap.
929 3895 977 3954 19.
994 3889 1154 3951 celebrato.

295 3967 489 4052 Ου’σαφαῖδυς
502 3975 552 4054 ἔτη
565 3968 614 4052 αἲ]
637 3974 788 4034 Divinovit
801 3974 930 4052 Scaliger
943 3973 991 4052 ἔτη
1007 3968 1038 4038 s'.
1213 3974 1216 3980 ’

289 4053 383 4135 Ὁμοῦ
398 4060 451 4139 fau
476 4055 559 4140 ovy'.J
581 4061 660 4119 Raro
684 4059 875 4119 consentiunt
895 4059 1124 4138 partialescuns
1146 4054 1298 4132 totalibus,

208 4151 241 4202 et
252 4140 335 4220 ipsae
351 4144 459 4200 totales
477 4145 516 4202 ad
534 4166 566 4204 se
587 4165 618 4204 se
637 4145 764 4203 invicem
785 4144 967 4222 colligendae
976 4189 985 4220 ,
1007 4145 1041 4203 iu
1061 4143 1108 4201 liis
1123 4140 1255 4200 Africani
1268 4151 1300 4201 et

207 4224 328 4289 Eusebii
349 4224 561 4303 Aegyptiorum
589 4251 692 4307 regmn
719 4230 994 4308 diagraurnratibus,
1031 4245 1169 4286 annaniae.
1219 4226 1300 4300 Quid

208 4331 340 4391 agerem,
356 4309 417 4369 ,diu
432 4310 540 4369 dubius
552 4312 647 4373 haesi:
673 4315 726 4375 lias
741 4336 780 4373 au
800 4315 868 4373 illas
881 4313 1083 4382 emendarem,
1106 4319 1135 4368 et
1149 4330 1207 4390 qua
1221 4331 1301 4372 corn.

208 4393 490 4478 ponerem'ratione
510 4415 571 4454 nou
590 4399 681 4457 semel
701 4409 835 4459 attentus
853 4395 1011 4480 perpendi:
1039 4395 1158 4456 tandem
1178 4417 1216 4456 ne
1238 4416 1299 4456 non
