3109 4959
610 414 905 503 mssrarnrro.
1248 409 1296 483 la

294 578 361 653 Pag.
376 574 406 642 4.
422 573 455 635 l.
461 575 495 636 B.
513 573 547 638 Ὅ
557 570 641 658 δ’γιος
653 568 791 653 Ἰωάννης
798 571 850 635 καὶ
867 570 957 655 μέγας
971 571 1005 637 ἐν
1017 567 1205 648 διδασκάλοις
1218 574 1296 659 Χρο-

211 655 356 741 σόστομος
378 665 416 747 τῇ
438 660 506 745 ἕκτῃ
531 660 628 747 ἡμέρᾳ
649 664 702 736 τῆς
722 651 845 740 πρώτης
864 654 1046 767 ἑβδομάδος,
1066 654 1150 721 τοῦτ’
1166 658 1296 746 decemp

210 742 289 831 αὐτῇ
307 744 403 830 ἡμέρᾳ
424 750 479 826 τῆς
497 741 632 818 πλάσεως
646 738 756 821 αὐτοῦ,
778 742 854 824 λέγει
873 738 924 805 τὸν
938 740 1029 823 Αδδμ
1044 742 1229 823 ἐκβληθῆναι
1239 749 1296 808 rori

209 832 412 911 παραδείσου,
434 830 485 891 nol
502 828 558 911 τὴν
585 826 687 905 Εὕαν,
709 828 742 891 ἐν
763 832 802 913 τῇ
819 827 1025 915 ἕρμηοείατοῦ
1043 824 1117 891 κατα
1129 832 1295 893 Mendesios

211 910 412 999 Ednyyste‘ov,
433 906 520 998 siaul
540 914 624 995 ἡμεῖς
636 906 820 993 πειθόμεθα.

292 1000 328 1061 ln
345 998 392 1059 bis
406 1000 507 1079 paucis
525 1000 621 1059 uerbis
637 1000 726 1079 pluro
740 1017 787 1056 me
801 996 972 1058 offendunt:

292 1086 444 1159 Primum,
466 1086 545 1162 quod
560 1089 723 1162 cognomen
735 1082 851 1143 loannis
866 1094 897 1143 et
911 1084 975 1143 sine
990 1081 1115 1143 articulo
1130 1092 1160 1143 et
1172 1102 1296 1163 prorsus

209 1168 305 1228 alieno
327 1170 394 1227 loeo
416 1170 544 1249 posituin
565 1178 626 1228 est:
656 1177 708 1227 aut
733 1167 921 1227 scribendum
944 1177 1019 1227 osset
1039 1167 1057 1230 δ
1078 1164 1296 1248 Xpooo'oropoe²

210 1264 262 1311 aut
275 1252 326 1315 nei
340 1247 516 1327 διδάσκαλος
531 1247 746 1335 Χρυσὸστομος.
787 1252 932 1312 Neutrum
947 1253 1064 1332 placete
1080 1253 1222 1329 coniieio,
1244 1274 1299 1311 eo-

211 1358 337 1414 gnomen
364 1339 487 1414 marglui
516 1339 699 1417 adscriptum
726 1337 884 1397 alibran‘o
906 1347 1015 1398 temere
1033 1340 1131 1396 textui
1152 1337 1298 1399 insertum

209 1442 281 1483 esse.
324 1423 449 1482 loannes
470 1424 558 1496 enins,
580 1424 736 1503 episeopus
757 1422 1067 1503 constantinopoleos,
1089 1422 1159 1490 dum
1179 1422 1300 1482 vivebat

211 1506 358 1587 (mortuus
375 1516 418 1567 est
441 1530 467 1565 a.
489 1507 583 1586 407),
605 1506 777 1583 cognomine
793 1508 998 1585 Clnysoetoms'
1018 1528 1079 1565 non
1096 1516 1216 1567 ornatus
1229 1506 1297 1579 soit,

208 1612 303 1671 neque
329 1602 428 1671 patros
442 1592 607 1669 Ecclesiae,
630 1590 679 1669 qui
700 1594 816 1651 saeculo
838 1594 942 1671 quinto
957 1592 1117 1671 scripsere,
1139 1591 1299 1667 Palladius,

209 1676 410 1755 Hieronymus
423 1677 455 1735 iu
475 1677 549 1736 viris
561 1674 728 1736 illustribus
747 1697 811 1757 esp.
834 1682 902 1742 129.
923 1676 1124 1735 'l'heodoretus
1137 1676 1205 1735 libr.
1219 1677 1254 1740 V.
1270 1696 1296 1737 o.

209 1764 353 1828 28-82.
362 1764 541 1821 sozomenus
554 1761 621 1819 libr.
636 1760 712 1821 Vlll.
728 1780 752 1821 c.
765 1768 794 1826 2.
807 1780 874 1819 enm
882 1758 1121 1837 chrysostomum
1136 1761 1296 1839 appellant,

209 1865 386 1923 quamquam
399 1844 530 1903 divinam
545 1844 608 1903 cius
624 1845 823 1924 eloquentiam
839 1844 975 1903 laudibus
984 1845 1151 1913 extollunt,
1172 1854 1200 1903 et
1213 1864 1296 1925 prae·

208 1930 420 1988 atarrtissimum
435 1930 565 1987 ollonium
580 1929 624 1989 sui
636 1930 776 2009 temporis
789 1939 939 1989 oratorum
951 1938 1069 1987 vocant.
1106 1929 1211 1988 Exstat
1224 1950 1299 2008 quo-

210 2034 268 2090 que
286 2014 318 2071 iu
333 2015 489 2073 Germania
504 2014 535 2071 in
550 2014 728 2073 bibliotheca
742 2015 862 2094 publiea
873 2012 1099 2073 llelmstadiensi
1116 2014 1228 2090 codex,
1249 2014 1299 2072 oui

209 2098 294 2155 XVll
316 2098 461 2157 llonsiliae
492 2097 561 2177 (out
583 2119 641 2178 quo
669 2099 758 2159 verbo
784 2099 848 2158 illic
876 2108 1023 2157 vocantur
1046 2093 1147 2179 λόγος)
1177 2098 1297 2157 loerrnis

210 2181 414 2261 chrysostomi
434 2183 466 2241 in
481 2182 661 2243 blatthaeum
683 2184 802 2258 insunt,
823 2184 932 2263 quique
953 2199 1053 2242 omnes
1067 2194 1152 2241 notas
1167 2202 1299 2242 summae

210 2266 393 2349 antiquitatis
406 2268 472 2329 sert.
501 2268 581 2329 lntes·
594 2267 646 2328 has
659 2268 732 2327 milri
746 2290 809 2327 non
821 2270 967 2328 levissima
983 2288 1047 2333 esse
1060 2268 1191 2345 videtur,
1216 2268 1300 2347 quod

208 2350 241 2410 in
259 2352 455 2433 inscriptione
478 2352 575 2433 operis
588 2374 696 2413 nomen
710 2353 852 2425 honoris,
872 2354 907 2412 D.
925 2353 1031 2412 Ioanni
1044 2353 1082 2410 oh
1099 2353 1298 2429 eloquentiam

209 2436 329 2515 datum,
351 2434 554 2517 chrysostome·
578 2438 676 2516 deest,
699 2439 780 2519 quod
803 2439 982 2499 recentiores
995 2435 1107 2497 scribae
1122 2437 1298 2515 plerumque

210 2522 324 2598 solum,
345 2542 418 2582 vero
440 2524 563 2583 Ιοοιιιιίο
583 2524 703 2583 nomine
714 2524 838 2599 omisso,
860 2523 944 2582 libris
965 2522 1182 2599 insesipseruut
1195 2519 1232 2598 ⁴).
1254 2551 1298 2567 -

209 2605 342 2679 Primus,
361 2606 441 2685 apud
463 2628 550 2685 quem
568 2628 731 2687 cognomen
746 2607 948 2685 Clnysostorni
967 2606 1091 2683 legitur,
1115 2614 1159 2663 est
1173 2605 1300 2666 Ioannes

210 2688 353 2745 Moschus
371 2690 404 2747 in
426 2691 513 2749 Proto
536 2692 753 2771 cap.157.(in
776 2690 914 2749 cotelerii
940 2690 1138 2748 monumentis
1153 2690 1301 2751 Ecclesiae

211 2791 344 2849 graecae,
374 2772 457 2835 Toni.
492 2774 528 2831 ll.
549 2793 614 2852 pag.
635 2770 727 2855 439):
740 2770 864 2855 Ἔλεγον
883 2773 953 2853 περὶ
975 2778 1031 2835 τοῦ
1051 2772 1139 2856 oiylou
1160 2768 1300 2838 Ἰωάννου

212 2849 574 2932 Κωνσταντινοοπόλεως,
594 2859 785 2931 reddandur
798 2858 1055 2937 ἐπονομασθέντος
1071 2854 1298 2941 Χρυσοστόμοα,

211 2936 261 3002 διδ
277 2936 309 3001 τὸ
325 2944 381 3002 rosi
396 2942 605 3003 διδασκαλικοῦ
621 2935 708 3023 λόγος]
721 2939 857 3023 καθαρὸν
873 2944 923 3005 sol
939 2942 1064 3027 διαυγές.
1105 2946 1152 3003 Ex
1165 2943 1211 3004 his
1225 2966 1300 3005 ver-

211 3023 256 3083 bis
280 3045 341 3083 non
354 3034 464 3085 temere
480 3027 618 3103 colligere
634 3026 707 3086 mibi
724 3028 843 3103 videor,
864 3026 924 3086 hoc
938 3048 1100 3107 cognomen
1114 3028 1194 3088 baud
1212 3031 1299 3109 long:

210 3118 279 3169 ante
294 3110 357 3169 eius
371 3119 492 3169 aetatem
506 3111 607 3169 loanni
623 3111 724 3171 datum
738 3112 835 3172 luisse.
876 3114 1005 3194 Scripsit
1015 3134 1086 3174 vero
1100 3113 1224 3175 loannes
1236 3116 1300 3174 hlo-

210 3193 284 3254 chus
302 3193 380 3253 circa
402 3199 747 3263 an11.620-630.—-
763 3199 869 3257 I’ltotii
882 3200 1002 3277 quidem
1019 3207 1129 3275 astate,
1150 3200 1202 3278 qui
1218 3200 1299 3259 eirea

210 3284 273 3348 888
294 3288 362 3359 post
384 3278 452 3341 Chr.
476 3281 571 3351 vixit,
597 3301 710 3339 nomon·
729 3280 932 3360 chrysostomi
953 3284 1012 3343 isan
1032 3285 1187 3363 vulgatum
1208 3285 1300 3344 luisse

209 3373 342 3445 apparet,
365 3363 506 3444 quoniam
521 3386 583 3445 cap.
599 3370 638 3431 96
652 3372 759 3433 et277.
777 3368 1030 3450 chrysostomum,
1047 3369 1166 3429 nominc
1179 3370 1300 3427 loannis
1321 3436 1325 3442 ι

209 3470 271 3509 non
293 3449 411 3525 addito,
434 3451 514 3509 citat.
557 3450 630 3509 Aliis
643 3460 740 3509 tamen
759 3452 832 3511 loeis
852 3456 1025 3531 cognomine
1038 3454 1146 3514 omisso
1161 3454 1300 3514 loannem

208 3544 327 3594 tantum
340 3544 429 3595 voest
444 3554 471 3596 e.
490 3540 560 3603 229.
582 3556 612 3615 p.
629 3539 699 3603 819.
719 3536 763 3595 ed.
779 3536 913 3611 Schotti3
934 3549 964 3598 et
977 3559 1042 3619 cap.
1059 3542 1130 3610 231.
1146 3559 1211 3618 pag.
1230 3542 1300 3605 889.

209 3630 321 3696 narrat,
343 3640 374 3679 se
390 3620 494 3697 legisse
508 3620 662 3699 epistolam
676 3622 847 3702 synodicam
863 3623 1040 3703 sophronii,
1062 3623 1195 3683 llonorio
1210 3623 1302 3701 impe.

209 3705 303 3765 satori
329 3705 462 3769 Rosulano
482 3705 612 3765 missam:
635 3706 666 3763 in
690 3708 792 3766 eodem
811 3710 963 3767 volumine
979 3717 1116 3769 contenta
1131 3707 1300 3767 fuisseloca

210 3799 349 3869 excerpta
371 3784 512 3871 (χρήσεις)
532 3811 547 3849 e
570 3792 690 3871 seriptis
712 3793 863 3853 variorum
880 3796 1001 3854 Petrum
1016 3803 1201 3865 sanctoruni,
1223 3790 1301 3849 inter

211 3894 285 3951 quos
308 3876 366 3935 tuit
384 3876 435 3939 nod
457 3874 475 3939 o‘
496 3880 625 3958 χρυσοῦς
646 3873 703 3957 τὴν
724 3882 855 3961 γλῶτταν
881 3878 933 3943 καὶ
954 3875 987 3942 τὸ
1009 3872 1104 3959 στόμα
1122 3868 1259 3954 Ἰωάννης
1282 3872 1303 3937 ὅ

245 4052 277 4121 l)
288 4054 494 4143 ¹Codiceruhune
506 4058 596 4143 ραοοῑσ
608 4060 746 4145 descripsit
758 4063 795 4115 lo.
803 4062 943 4114 Senbertos
951 4060 979 4111 in
990 4056 1070 4111 variis
1081 4029 1233 4175 lpotipnibris
1245 4060 1312 4109 tex-³

278 4126 1145 4273 ieiunanti{linteattnrttetnmnu.
1161 4126 1303 4248 σοῖο
1400 4227 1402 4232 .

280 4276 320 4313 vn
335 4262 466 4319 litterariis
486 4284 545 4319 assir.
569 4270 634 4321 1778
654 4285 713 4336 pag.
735 4269 893 4323 185-192.
926 4264 1051 4334 Contoras
1070 4279 1170 4329 quoque
1192 4265 1301 4331 Cyprio-

279 4346 339 4381 snnn
356 4332 388 4384 ad
403 4350 459 4412 cap.
474 4338 522 4393 129
541 4335 689 4403 Hieronymi
702 4337 735 4391 de
751 4336 813 4389 viris
828 4334 980 4395 illustribus,
997 4331 1025 4383 in
1037 4330 1150 4385 Fabricii
1161 4330 1303 4387 Bibliothe-

281 4414 311 4451 ea
324 4398 505 4457 Ecclesiastiea
522 4396 581 4475 pati.
593 4406 652 4459 217.
