3109 4959
274 414 351 499 seo
642 386 989 501 umunusrronas

275 614 346 655 nere
354 590 500 653 studeant.
522 590 597 651 Nom
609 599 724 651 veteres
737 605 952 666 nonnunquam
965 576 1029 645 a'rrd
1041 584 1096 662 τῆς
1108 576 1207 663 μάχης
1219 580 1253 645 ἕν
1265 577 1369 667 Ἀκτίῳ

274 691 408 758 tempora
429 686 618 757 consputant,
639 676 672 733 id
693 684 753 749 est,
776 672 813 730 ab
835 672 901 751 ipso
926 689 1025 742 anno,
1047 687 1107 745 quo
1126 666 1165 725 sd
1188 668 1371 727 Actiumsu·

275 774 392 844 peratus
410 771 454 821 est
470 763 626 820 Antonius.
669 758 728 817 Alii
744 778 816 818 vero
835 755 973 815 Actiacos
989 770 1085 811 anuos
1101 760 1131 811 et
1148 749 1313 829 Augusteos
1334 753 1370 809 ab

274 847 401 925 Augusti
421 855 570 926 postrema
594 844 742 913 victoria,
762 851 792 902 et
810 838 936 900 Antonii
955 856 1029 897 nece
1049 837 1205 914 eolligunt.
1248 836 1292 893 lta
1311 835 1371 914 ipsi

276 931 471 993 Alexandrini
487 951 524 989 ex
542 930 660 1007 Georgii
677 928 784 989 relatu.
827 922 949 983 Collatia
968 942 1060 1003 porro
1081 922 1120 979 ad
1141 938 1252 979 annum
1277 921 1371 986 5458.

276 1016 402 1093 Augusti
423 1015 612 1095 primordiis,
634 1024 664 1071 et
685 1034 722 1071 ex
742 1011 902 1084 Alrieauo,
932 1006 980 1065 ad·
995 1027 1105 1067 annum
1128 1005 1222 1071 5472.
1245 1004 1371 1066 Antonii

275 1121 364 1177 neee,
386 1100 585 1174 Augustorum
598 1118 666 1157 uere
679 1098 710 1156 in
726 1095 852 1173 Augusti
869 1093 915 1159 15.
934 1092 1014 1171 quod
1030 1090 1140 1171 repetit
1155 1089 1300 1166 Georgius
1312 1111 1370 1169 pa-

275 1185 344 1263 gina
358 1205 417 1261 seq.
432 1184 671 1243 ineidatnesesse
683 1192 741 1241 est:
759 1182 791 1238 in
806 1189 946 1259 quartum
959 1197 1031 1236 vero
1043 1173 1192 1235 decimum
1202 1173 1227 1232 si
1242 1174 1279 1231 ab
1292 1193 1370 1233 enno

276 1270 369 1335 5459.
387 1268 511 1346 Augusti
524 1288 669 1327 annorum
681 1266 863 1346 principium
878 1263 929 1319 sset
944 1280 984 1319 ex
999 1258 1147 1319 annotatis
1163 1258 1201 1317 ad
1217 1278 1284 1337 pag.
1295 1262 1370 1325 305.

326 1398 329 1403 ,
365 1356 428 1413 Τοῦ
441 1348 473 1413 δὲ
487 1346 603 1431 κόσμου
617 1345 728 1435 lsiritii]
751 1351 854 1407 Annus
871 1343 1008 1403 emundi
1027 1343 1150 1403 conditu
1162 1344 1255 1409 5459.
1279 1363 1370 1421 regno

278 1438 315 1495 ab
328 1436 446 1494 llerode
463 1445 609 1513 occupato
623 1434 828 1509 consignatus,
849 1451 887 1489 tre
901 1430 1056 1506 Hyrcarsus
1067 1436 1198 1507 quatuor
1211 1447 1303 1506 supra
1316 1427 1370 1486 tri·

274 1520 590 1598 gintaamundi5436.
599 1537 720 1595 regnare
728 1536 850 1575 exorsus
859 1513 914 1574 sihi
927 1512 1074 1586 vendicet,
1087 1512 1298 1591 impedimento
1312 1522 1370 1571 est:

167 1611 171 1622 “
277 1624 373 1663 annus
389 1605 488 1683 itaque
500 1624 577 1662 unus
592 1623 657 1683 pag.
670 1602 742 1668 305.
763 1610 793 1659 et
810 1604 882 1666 300.
903 1598 938 1656 A.
960 1606 1087 1656 assertus
1105 1596 1247 1674 llyresno
1267 1598 1371 1655 detra-

276 1688 412 1763 hendus,
438 1688 487 1748 vel
508 1688 592 1766 regni
613 1688 676 1746 eius
697 1684 861 1763 primordia
888 1683 921 1740 in
941 1702 1053 1741 annum
1074 1683 1252 1741 anteriorem
1273 1682 1371 1740 attol-

277 1772 382 1833 lenda:
404 1772 486 1851 quod
501 1774 539 1832 ad
556 1772 632 1853 pag.
643 1771 716 1837 305.
729 1771 972 1829 demonstraturus.
989 1809 991 1812 -

359 1850 505 1935 Ἀρχιερία
524 1851 812 1935 μεταστειλάμενος.]
837 1852 940 1929 Spatio
961 1850 1107 1908 linearum
1129 1847 1222 1907 trium
1237 1848 1302 1907 solo
1323 1844 1370 1923 od,

277 1933 430 2020 ἆρχιερέα,
463 1950 507 2000 ter
524 1940 699 2019 repetitum,
724 1946 754 1995 et
774 1937 806 1993 in
823 1935 904 1993 MSS.
926 1934 1021 1993 tribus
1043 1941 1194 2013 repertum
1216 1933 1381 2014 displicet:¹

277 2022 359 2105 ἱερέα
371 2024 468 2102 primo
485 2026 550 2082 loco
567 2025 692 2101 legerem
707 2022 739 2079 ni
753 2022 813 2079 lllS.
826 2028 966 2078 avocaret
978 2016 1154 2078 authoritas.

363 2107 429 2184 Peg.
450 2110 523 2173 312.
544 2100 708 2189 Ἀρχομὲνφ
722 2109 764 2186 τῷ
773 2098 875 2189 lensi]
897 2105 985 2161 Anno
1000 2101 1158 2181 quinquies
1171 2100 1328 2161 millesimo
1340 2112 1371 2161 et

279 2190 513 2270 quingentesimo
545 2192 696 2250 Christum
720 2190 877 2248 Dominum
897 2187 1057 2246 humanam
1085 2186 1219 2245 induisse
1248 2207 1369 2253 carnem

278 2275 402 2355 scripsit
430 2274 546 2335 Author
571 2276 626 2333 sub
654 2274 751 2353 operis
774 2273 913 2348 initium,
941 2281 971 2330 et
991 2271 1024 2329 in
1046 2271 1236 2349 sequentibus
1257 2292 1370 2330 annum

278 2359 389 2420 Christi
402 2360 532 2439 primum
546 2360 585 2417 sd
598 2358 701 2417 mundi
721 2360 812 2423 5501.
827 2357 946 2433 alligat,
967 2365 998 2413 et
1020 2354 1129 2413 Christi
1145 2358 1257 2434 pariter
1275 2357 1369 2415 trice-

278 2444 386 2503 simum
400 2444 502 2503 mundi
520 2444 612 2509 5530.
629 2450 792 2525 nuneupat.
834 2441 892 2499 llic
910 2440 1044 2519 eorporis
1064 2438 1186 2498 humani
1202 2441 1369 2520 susceptio-

278 2546 364 2603 nem,
387 2547 460 2607 quas
474 2528 597 2586 Maximi
610 2528 642 2585 irs
656 2528 803 2605 Computo
816 2524 929 2584 Eccles.
944 2545 1008 2602 eap.
1022 2527 1075 2589 32.
1087 2526 1233 2583 sententia
1249 2536 1311 2597 est,
1335 2526 1369 2583 iu

278 2632 390 2672 sunum
402 2613 594 2692 posteriorem
611 2612 784 2684 submovet,
806 2619 836 2667 et
857 2608 967 2667 Christi
983 2608 1099 2665 Domini
1114 2618 1237 2667 aetatem
1258 2610 1295 2667 ab
1309 2610 1369 2667 irn-

191 2729 193 2733 ·
277 2698 440 2757 maculatae
457 2697 554 2755 earnis
568 2698 629 2755 eius
645 2704 808 2774 conceptu,
830 2704 860 2752 et
873 2694 968 2773 prima
986 2692 1018 2749 iu
1037 2692 1162 2769 virginis
1182 2702 1267 2751 utero
1289 2694 1369 2751 nati-

277 2780 370 2840 vitate
387 2790 503 2840 censeat
517 2782 739 2841 numerandam.
764 2780 804 2837 De
822 2778 975 2836 Dominico
991 2778 1205 2836 incarnationis
1219 2778 1267 2837 die
1282 2779 1368 2837 iuxta

277 2864 457 2925 Graecorum
468 2866 659 2923 traditionem
674 2863 802 2943 plurima
818 2864 988 2921 chronicon
1003 2861 1148 2921 Alexand.

329 2998 331 3003 ,
359 2942 479 3027 Ἐπειᾶἠ
492 2946 525 3011 δὲ
538 2945 613 3009 nursi
628 2944 661 3011 τὸ
679 2945 774 3031 sueti.
789 2947 881 3025 tros]
903 2947 1043 3006 Praesens
1058 2948 1144 3005 locus
1158 2944 1257 3007 verbis
1271 2946 1369 3007 ambi·

277 3032 343 3113 guis
360 3042 500 3093 constans
524 3052 590 3091 eum
613 3032 700 3090 habet
719 3053 854 3103 sensum,
875 3041 910 3089 ut
932 3031 1015 3090 nexis
1040 3032 1080 3088 od
1101 3031 1229 3090 invicem
1244 3032 1369 3111 periodi

277 3117 422 3198 partibus,
435 3136 530 3176 entius
541 3117 644 3177 mundi
659 3118 749 3183 5472.
763 3136 830 3175 cum
848 3116 974 3194 Augusti
987 3114 1091 3195 quinto
1105 3136 1195 3195 supra
1209 3112 1369 3191 deeimur'u,

278 3210 310 3262 et
329 3222 386 3261 una
403 3222 469 3261 eum
486 3212 588 3280 captae
606 3201 802 3261 Alexandriae
816 3222 895 3259 enno
910 3208 942 3265 0.
959 3202 1127 3280 copuletur,
1151 3222 1209 3279 quo
1225 3212 1367 3282 tempore,

278 3286 329 3346 vel
339 3287 613 3361 arinusBissexlilis,
625 3288 671 3346 vel
683 3286 848 3345 Bissextilis
860 3286 918 3345 diei
925 3286 1128 3344 emendatioin
1136 3284 1303 3365 Aegyptum
1311 3286 1369 3345 suit

278 3369 415 3431 inductas
439 3390 514 3449 quae
527 3372 616 3430 tacita
633 3379 676 3428 est
688 3370 829 3430 Authoris
851 3371 1011 3442 sententia,
1034 3371 1086 3428 ubi
1110 3392 1126 3427 a
1146 3372 1252 3429 mundi
1274 3372 1366 3435 5446.

279 3454 433 3535 assignatis
451 3456 622 3534 Cleopatrae
639 3474 730 3532 regno
753 3462 806 3522 22.
823 3456 932 3530 varmis,
955 3475 1019 3513 eam
1037 3455 1099 3514 vita
1120 3463 1150 3512 et
1165 3475 1256 3530 regno
1273 3458 1367 3521 5467.

279 3540 399 3600 cessisse
412 3541 450 3599 ed
464 3560 530 3621 pag.
545 3543 616 3605 303.
631 3538 664 3598 A.
681 3540 963 3613 demonstravimus,
985 3559 1023 3598 ex
1038 3559 1097 3617 quo
1110 3550 1253 3617 sequutus
1273 3540 1366 3605 5472.

278 3633 383 3703 eaptae
398 3624 593 3684 Alexandriae
607 3633 709 3682 sextus
725 3626 836 3701 absque
848 3624 1024 3683 difficultate
1041 3624 1209 3698 colligitur:
1229 3624 1366 3702 idemque

278 3720 323 3766 est
337 3709 486 3767 Panodori
501 3729 612 3767 annum
625 3708 661 3767 ab
675 3708 856 3768 Alexandria
871 3710 1010 3768 Romanis
1024 3708 1154 3766 subiecto
1164 3718 1280 3769 sextum
1297 3728 1365 3768 cum

276 3793 385 3853 mundi
399 3794 492 3859 5472.
505 3794 716 3871 componentis,
739 3814 841 3854 verum
855 3795 1064 3853 Alexandriam
1077 3793 1180 3851 mundi
1192 3796 1284 3861 5466.
1299 3794 1364 3853 Au-

278 3880 358 3954 gusti
380 3882 521 3943 16.·amte
538 3877 645 3935 Christi
662 3878 789 3937 natalem
807 3899 885 3936 anno
903 3885 953 3943 27.
974 3885 1091 3955 captam
1116 3880 1272 3939 asserentis
1291 3879 1365 3957 opi-

278 3972 392 4021 natum.
432 3962 517 4021 Alter
529 3962 587 4019 loci
607 3981 707 4020 seusus
721 3974 764 4021 est
778 3983 815 4021 ex
832 3964 983 4042 partibus,
1004 3963 1084 4041 quod
1102 3962 1186 4020 aiunt
1206 3966 1364 4023 Gramma-

277 4045 350 4123 tici,
372 4044 554 4105 adinvicem
574 4046 800 4106 adversantibus
821 4048 1001 4126 compositus
1019 4049 1102 4107 iuxta
1118 4067 1205 4126 quem
1224 4068 1262 4108 ex
1279 4047 1365 4107 Alsi-

278 4130 346 4190 eani
360 4140 459 4190 mente
472 4130 629 4197 an.·5472.
644 4141 674 4190 et
686 4129 811 4209 Augusti
823 4132 873 4198 15.
888 4125 1069 4194 Alexandria
1079 4134 1134 4191 sub
1149 4132 1252 4211 iugum
1264 4132 1362 4203 misso,

276 4234 355 4275 anuo
372 4216 498 4275 subinde
515 4224 601 4274 sexto
618 4228 758 4294 sequente
773 4216 921 4275 bissextus
935 4219 1042 4298 diesin
1057 4218 1236 4297 Aegyptium
1251 4234 1364 4276 suniam

277 4300 369 4363 luerit
386 4320 424 4358 ex
438 4302 564 4360 aliorum
578 4301 723 4359 sententia
737 4303 881 4362 invectus.

363 4387 413 4470 Τῷ
426 4379 470 4447 ιε’.
484 4389 539 4467 τῆς
553 4378 731 4467 Αὐγούστου
751 4383 924 4466 βασιλείας]
953 4385 1246 4464 Quartuurdeeiruum
1263 4379 1363 4465 posuit
