3109 4959
237 393 290 467 62
709 394 847 468 GOARI

241 558 376 620 Abrahae
395 579 412 618 a
431 556 516 618 Notio
531 554 648 619 diluvio
667 556 793 619 maiores
807 554 842 615 in
860 552 981 618 Eusebii
1003 555 1083 620 libro
1097 558 1247 638 seeundo,
1273 562 1327 643 qui

241 644 407 705 Glsroriicus
433 644 554 718 Gsnon,
582 642 743 703 desiderari
772 642 936 703 assentione
963 644 1095 704 omiserit
1114 642 1189 705 haec
1214 645 1327 706 lliero-

239 750 348 809 nymus
376 727 584 807 interpretari,
623 727 674 787 vel
700 735 870 807 temporum
895 726 1113 788 calamitatibus
1147 729 1325 808 exciderint,

198 870 201 880 ,
238 823 320 873 totns
341 812 450 874 exinde
470 811 582 891 periit,
597 810 659 873 ‚vel
682 809 794 892 potiori
819 812 1020 871 membrorum
1042 814 1160 873 cumulo
1188 814 1327 873 mulcta-

238 908 288 959 tus
314 897 482 958 Eusebius?
509 895 688 956 Ridiculum.
738 894 872 955 θεᾶτοηο
897 915 1018 977 quoque
1044 898 1186 978 synopsin
1212 899 1325 959 adscri-

234 992 302 1064 pta,
325 980 451 1042 Gedreni
461 1025 471 1058 ,
492 980 611 1061 qualem
627 979 784 1057 habemus,
804 979 900 1040 foetus
913 989 959 1041 est
971 1000 1140 1060 germanus:
1161 1002 1218 1042 nee
1233 1004 1324 1063 prae-

234 1077 282 1129 ter
296 1066 444 1127 Historiae
466 1066 618 1146 synopsin
632 1064 819 1126 llistoricum
837 1064 980 1125 volumen
995 1066 1143 1145 ingentius
1156 1066 1324 1128 Gedrenum

232 1152 382 1233 peperisse
394 1150 516 1231 antiqua
529 1150 654 1211 cedreni
665 1148 865 1231 exemplaria,
883 1150 933 1210 vel
945 1150 1130 1211 diversorum
1144 1171 1163 1209 a
1174 1151 1324 1231 scaligero

233 1236 399 1297 sonmiante
418 1246 572 1297 auctorum
588 1234 758 1295 testimonia
769 1234 869 1315 palam
884 1232 1073 1314 eloquuntur.
1115 1235 1236 1314 Georgii
1251 1246 1324 1296 tan-

233 1320 301 1381 dom
314 1321 410 1381 nostri
424 1340 509 1401 opus,
523 1315 642 1400 ἐκλογή,
655 1319 761 1380 ordine
772 1319 812 1379 ad
823 1318 1006 1379 narrandum
1018 1321 1242 1381 accommodato
1254 1339 1323 1385 συν-

232 1412 353 1488 saysioa
374 1412 474 1485 potest
492 1404 654 1463 etiamnum
668 1402 820 1483 conspicis
840 1403 915 1481 quid
933 1403 1019 1464 neus
1042 1404 1137 1464 aliano
1155 1406 1324 1483 ignorantia

230 1483 419 1572 παραβολάς
443 1497 597 1566 surrogat,
626 1496 657 1547 et
676 1487 782 1549 invitis
804 1484 962 1547 obtrudit?
995 1488 1036 1546 Aa
1053 1486 1239 1570 nopesdolde
1260 1485 1323 1555 dud

232 1574 381 1657 Pompylus
392 1576 450 1636 rosi
458 1570 626 1654 Συγκὲλλου
638 1571 728 1632 rerba
740 1583 810 1630 onte
818 1570 928 1629 lemma
941 1574 1041 1650 operis
1052 1583 1194 1653 concepta
1206 1582 1322 1634 testan-

230 1668 301 1731 tur,
322 1658 423 1737 inquit
437 1654 495 1735 Ἧι
516 1657 617 1716 eadem
631 1654 696 1737 ipse
708 1656 822 1735 pariter
839 1656 920 1734 lego:
939 1675 1045 1717 rerum
1060 1658 1174 1716 calamo
1190 1678 1208 1716 a
1225 1659 1320 1720 libra-

229 1744 268 1804 rii
285 1762 375 1801 manu
389 1760 479 1821 quam
496 1741 634 1817 divers03
662 1740 736 1801 rudi
756 1740 898 1801 nimirum
909 1739 1001 1800 manis
1019 1751 1050 1800 et
1070 1742 1193 1821 agresti,
1214 1763 1321 1804 recen-

228 1827 343 1887 tissimo
367 1825 552 1900 charactere,
580 1826 633 1905 qui
656 1845 720 1885 non
746 1825 903 1885 scribentis
928 1824 1108 1906 imperitiam
1134 1826 1240 1906 modo,
1267 1828 1320 1888 sed

228 1921 261 1972 et
282 1910 442 1971 iudicantis
463 1920 567 1989 arguat
588 1911 747 1969 inscitiam.
787 1905 900 1970 Eadem
918 1910 1042 1991 insuper
1062 1931 1080 1969 a
1097 1910 1229 1972 subiecto
1243 1912 1320 1973 lem-

228 2006 307 2057 mate
321 2016 388 2057 cam
403 1995 465 2056 sint
475 1995 642 2071 disiuncta,
663 1996 700 2055 ab
721 2014 812 2076 opere
825 2004 890 2055 toto
903 1994 1000 2054 aliena
1013 2015 1045 2056 ee
1058 1994 1255 2075 profitenturs
1273 1997 1320 2057 ri-

228 2081 345 2141 ciniora
361 2081 456 2139 multo
471 2089 502 2140 et
524 2078 732 2140 coniunctiora
753 2080 787 2139 in
803 2080 926 2139 modum
941 2078 1024 2140 hunc
1043 2090 1112 2140 ante
1128 2101 1205 2161 opus
1219 2082 1230 2141 i
1302 2072 1306 2087 ’

227 2184 382 2245 expressa:
405 2164 556 2245 l'aospylou
568 2168 719 2249 Messapeai
728 2160 853 2244 gpossssi
866 2164 982 2243 ἱστορία
992 2158 1141 2247 ἐρχομένη
1153 2161 1215 2230 ἀπὸ
1227 2163 1319 2247 Aioipe

226 2250 279 2312 καὶ
294 2242 441 2328 διήκουσα
453 2246 538 2329 μέχρι
553 2251 609 2309 τοῦ
626 2251 862 2327 Διοκλητιανοῦ·
883 2248 933 2306 vel
950 2247 983 2305 in
998 2249 1194 2309 Ambrosiano
1209 2250 1319 2311 Godice

226 2332 402 2409 Mediolani,
423 2332 460 2392 de
480 2353 540 2412 quo
563 2341 742 2391 memoratus
762 2327 907 2395 Allatius:
939 2328 1092 2412 Χρονικδν
1113 2328 1266 2415 σύντομον
1283 2334 1319 2398 ἐκ

227 2412 385 2499 διαφόρων
399 2410 616 2499 χρονογρᾶφων
629 2414 681 2479 nel
695 2413 861 2496 ἐξηγητῶν,
883 2412 1020 2497 eniteris
1033 2414 1085 2478 sul
1098 2416 1243 2480 temesis
1255 2412 1317 2483 «ist

226 2503 378 2583 Psapplov
397 2504 549 2581 Movagosi
568 2497 620 2563 nal
640 2499 818 2583 Συγκὲλλου.
865 2499 936 2574 llis,
959 2500 1068 2579 quibus
1096 2501 1186 2561 etiam
1207 2502 1317 2562 editio·

225 2588 273 2647 nis
291 2586 415 2663 titulus,
441 2586 500 2645 nisi
519 2586 685 2664 germanior
707 2584 869 2662 extitisset,
897 2583 1000 2663 silingi
1021 2594 1154 2665 potarat,
1175 2587 1258 2646 nulla
1278 2587 1317 2648 da

225 2671 374 2752 excerptis
401 2670 534 2746 mentio,
566 2670 629 2729 sola
648 2670 820 2748 sinceraque
845 2668 1026 2750 proponitur
1044 2667 1188 2731 Historia.
1238 2671 1315 2731 Aliis

225 2756 353 2835 denique
367 2755 426 2815 toti
442 2755 526 2836 operi
541 2754 711 2835 proximius
729 2754 846 2828 affixis,
863 2747 990 2838 Ἐκλοχῆ
1007 2754 1226 2836 χρονογραφίας
1239 2773 1315 2819 oue·

225 2846 347 2922 sursise
362 2836 426 2901 o‘ssd
443 2840 594 2921 stopylou
611 2843 777 2919 Mosagosi,
799 2848 869 2900 cett
886 2836 1179 2921 Clnonograpliicam
1197 2840 1316 2919 quidem

226 2923 346 3003 Georgii
369 2923 594 3000 collectionem,
622 2944 683 2983 non
706 2925 748 2982 ita
771 2944 810 2984 ex
832 2923 895 2982 eiua
918 2922 1161 3003 chronographia
1180 2925 1316 2985 analecta

225 3006 380 3089 quaedam.
425 3006 611 3089 Excerptum
630 3008 758 3087 denique
778 3008 815 3067 ab
836 3007 904 3068 aliis
930 3009 1103 3069 auctoribus
1125 3008 1316 3089 Glironogra-

225 3092 350 3176 phicum
365 3092 567 3166 Breviarium,
588 3091 666 3152 illud
681 3112 753 3152 vero
774 3091 1028 3171 Glnonographioi
1045 3112 1062 3168 a
1082 3093 1211 3172 Georgio
1225 3094 1315 3155 insti-

225 3180 287 3239 tuti
301 3176 446 3239 llreviarii
466 3185 609 3259 excerpta
627 3176 781 3238 continere
794 3176 1013 3237 Grammaticus
1033 3178 1138 3238 nullus
1157 3179 1208 3240 v'el
1224 3180 1315 3240 etiam

224 3262 338 3324 ferulae
356 3261 504 3324 subiectus
522 3262 722 3325 somniaverit.
765 3264 870 3341 Quam
889 3264 1022 3323 mutilus
1041 3259 1148 3344 (instat
1167 3259 1313 3347 scaliger)

224 3346 301 3407 liber
320 3348 372 3406 ille
389 3346 435 3407 ad
454 3368 510 3407 rsus
523 3350 712 3428 pervenerit,
739 3348 878 3429 colligere
897 3351 968 3410 licet
986 3370 1022 3408 ra·
1039 3343 1147 3408 multis
1165 3346 1261 3425 Iocis,
1279 3352 1313 3407 in

224 3432 335 3513 quibua
355 3443 410 3490 out
429 3432 622 3511 quorundam
642 3434 778 3491 marinis
798 3445 856 3492 out
874 3431 1027 3513 quaedam
1039 3436 1195 3513 promittit
1217 3436 1313 3493 Geor·

222 3518 314 3597 gius,
335 3536 413 3595 quae
427 3528 529 3576 tomen
541 3538 696 3597 nusquam
710 3529 894 3599 comparent.
935 3521 1012 3580 Sana
1026 3519 1151 3578 mutilus
1165 3517 1263 3576 estiis
1277 3514 1312 3574 in

224 3599 377 3661 codicibus
398 3597 565 3682 (plerosquo
584 3622 657 3663 vero
672 3604 764 3678 novi,
786 3603 927 3683 quosdam
948 3602 1147 3679 consectari,
1166 3600 1242 3659 alios
1259 3618 1312 3659 re-

222 3686 324 3747 ferunt
341 3684 407 3765 ipae
421 3684 551 3764 Scaliger
566 3695 595 3747 et
607 3686 736 3748 Allatius
750 3686 814 3766 ¹⁰),
833 3688 959 3770 quibam,
978 3697 1015 3748 ut
1033 3686 1096 3746 sola
1116 3693 1312 3763 separatoque

221 3769 371 3831 Ecclesiae
385 3779 573 3850 promeretur
589 3781 643 3832 aut
660 3771 820 3833 haberetur
837 3772 983 3850 Historia,
1004 3769 1219 3852 praetermissis
1231 3770 1311 3829 Geu-

221 3855 321 3915 tilium
333 3854 524 3933 antiquorum
534 3854 675 3935 imperiis,
696 3858 883 3937 sepositsque
896 3856 984 3918 etiam
996 3865 1026 3915 et
1036 3855 1149 3913 intacta
1160 3853 1311 3914 Hebraeo-

222 3959 292 4000 rum
308 3938 393 4020 lleip.
407 3938 592 4014 narratione,
614 3959 690 4019 qaae
708 3942 748 4001 ad
762 3942 945 4018 Ecclesiam,
966 3949 997 3999 et
1013 3937 1163 3998 Ecclesiae
1180 3957 1310 3998 nascen-

221 4023 278 4100 tis,
299 4024 409 4085 Ghristi
422 4024 553 4099 Domini,
576 4024 753 4084 Pontificum
765 4034 951 4101 nostrorum,
974 4033 1004 4083 et
1015 4042 1084 4081 cum
1095 4020 1143 4082 liis
1154 4023 1309 4083 coniuncti

220 4107 307 4170 Rom.
325 4108 446 4189 Imperii
466 4107 605 4169 notitiam
628 4107 775 4169 duntaxat
793 4108 943 4188 pertinere
961 4107 1157 4185 videbantur,
1177 4108 1241 4168 sola
1261 4106 1309 4166 le-

220 4200 331 4270 guntur
340 4192 478 4273 reposita.
520 4194 560 4253 At
574 4190 648 4252 hacc
661 4193 776 4253 nonita
791 4203 945 4253 ooirtracta
960 4191 1079 4270 Georgii
1093 4191 1237 4267 llistoria,
1250 4210 1308 4251 nec

220 4275 408 4356 scriptorum
424 4277 531 4338 mutila
553 4276 713 4358 synopsis,
734 4297 824 4357 quarn
849 4279 1046 4357 fragmentum
1064 4276 1216 4357 quoddam
1230 4295 1307 4336 con-

254 4390 302 4459 n)
318 4390 491 4447 anusve..
505 4388 639 4461 suen.
705 4393 756 4464 ao)
771 4388 1256 4467 napinamuisniestaserelis
