3109 4959
636 410 893 485 PRAEFATIO.
1265 404 1316 479 78

231 571 350 651 Georgii
369 570 501 653 Synoelli
524 568 687 645 vindicias,
715 570 767 631 ubi
789 572 867 631 retio
892 571 987 647 seret,
1009 569 1043 630 in
1062 568 1192 654 medium
1211 572 1316 652 prole-

230 668 319 718 runt:
348 656 400 719 ubi
427 658 489 735 ipre
509 656 618 717 rationi
641 665 811 736 temporum
831 656 1022 731 adversatur,
1051 654 1316 717 hallucinationem

231 742 385 801 adniiesem
401 741 448 801 rel
461 750 614 817 excusent,
636 750 687 800 eut
699 742 803 800 saltem
816 741 985 800 evitandam
999 740 1209 801 demonstrent
1244 742 1316 801 ltul.

229 826 306 903 lem,
330 825 429 906 quood
443 827 584 907 temporis
603 826 750 887 rationem
763 825 947 901 universam,
976 822 1202 901 chronologiam
1222 825 1314 886 stobi·

229 910 309 970 liunt
330 921 381 971 eut
404 910 583 986 delendunt3
606 912 668 969 eolo
681 910 798 987 Georgii
812 911 942 990 syncelli
954 910 1065 989 scripte
1076 911 1190 969 mendis
1202 930 1315 991 expur-

228 1007 294 1075 gata
319 997 470 1055 illustrare
503 1006 668 1058 contentae.
718 995 893 1055 summatim
925 995 1040 1053 dicem:
1079 1013 1138 1052 urta
1163 1015 1231 1053 cum
1254 996 1314 1055 illie

229 1082 373 1159 Georgius
388 1083 543 1160 Syncellue
556 1081 673 1161 prodit,
695 1100 750 1139 nec
764 1080 916 1159 impolitus
929 1079 1060 1154 omnino,
1082 1079 1149 1158 quie
1160 1080 1238 1138 euim
1251 1100 1314 1138 non

227 1164 370 1226 horreat?
389 1177 480 1245 prout
493 1168 523 1226 in
532 1168 593 1226 tls,
610 1164 764 1244 hucusque
777 1175 956 1235 asservetue;
978 1184 1034 1225 nee
1049 1163 1138 1243 plane
1152 1164 1315 1224 adornatus

227 1260 258 1309 et
270 1253 423 1327 excultus,
445 1254 539 1330 quelie
555 1252 655 1311 nullus
673 1248 824 1328 hucusque
839 1249 1041 1327 Clrronologus
1064 1248 1128 1308 eine
1147 1250 1240 1326 vitio,
1261 1248 1313 1308 sed

227 1336 404 1395 auctoritate
424 1334 559 1417 (morosa
573 1336 644 1396 lieet
661 1356 695 1393 oe
709 1335 837 1410 disticiti)
854 1356 910 1394 nec
923 1354 985 1393 non
1002 1332 1176 1413 antiquitate
1195 1334 1315 1413 (rogote

227 1422 418 1497 quantumvis
433 1443 467 1480 oe
483 1418 648 1504 fastidiosa)
666 1420 933 1480 commendandus:
955 1430 1057 1478 nostro
1078 1418 1203 1497 donique
1215 1419 1315 1478 labore

225 1505 317 1583 magio
334 1517 473 1585 acceptus
488 1518 516 1568 et
533 1507 646 1586 gratior
662 1505 813 1582 redditus,
840 1525 929 1583 rugae
943 1524 1032 1563 manu
1053 1503 1185 1564 feliciore
1202 1503 1314 1565 tollen·

224 1588 279 1649 dee
296 1610 465 1673 riaevoeque
480 1595 581 1675 torem
598 1611 698 1653 onmes
713 1591 924 1670 detergendos,
945 1588 1181 1673 praestolabitur.
