3109 4959
534 494 594 562 ΕΤ
614 492 962 564 ANNOTATIONES.
1216 478 1293 555 485

208 649 327 710 incunte
341 647 381 708 ad
392 647 484 716 4882.
499 645 684 726 absolutum,
705 647 846 728 quocirca
866 645 991 709 lcachaa
1009 645 1092 708 filiu·
1107 667 1184 709 armo
1197 646 1291 714 4888.

209 734 358 792 succeaeit.
401 733 479 793 Huic
495 753 611 793 menaea
630 737 690 793 tren
703 753 827 812 regnare
846 733 946 795 datura
967 741 1042 793 eata
1058 744 1171 792 rucuma
1192 742 1292 793 tamen

208 837 426 898 quoscumque,
453 837 564 897 paucot
586 818 671 894 licet,
692 815 811 877 Author
824 818 857 876 iu
871 837 982 878 annum
1000 826 1120 897 reputat
1139 836 1203 896 pag.
1216 816 1292 883 241.

208 903 241 962 Δ.
255 911 285 961 et
300 905 371 968 251.
393 902 426 962 (3.
449 910 479 961 ct
493 921 530 961 ne
543 901 661 980 longina
677 901 809 979 exempla
832 912 966 981 petamua
985 901 1109 961 secundi
1125 899 1291 977 lechoniae,

208 985 259 1064 qui
272 975 416 1061 loachim,
431 993 491 1046 trca
504 1005 633 1060 menaea,
656 984 739 1045 velut
749 1003 860 1043 annum
876 984 1024 1062 integrum
1039 993 1171 1044 recenset
1185 984 1292 1044 Libra·

207 1070 269 1129 riua
282 1069 315 1128 in
329 1069 472 1148 margine,
495 1079 525 1127 ct
540 1067 655 1128 Author
668 1067 732 1148 ipae
745 1069 834 1149 pauiu
850 1067 975 1129 inierim
989 1088 1055 1149 pag.
1068 1074 1139 1135 219.
1153 1070 1184 1130 C.
1199 1084 1291 1148 quara
1304 1071 1337 1128 V.
1351 1069 1386 1128 54

207 1153 332 1212 locchaz
346 1151 414 1228 hic,
436 1153 488 1231 qui
502 1151 655 1212 lectioniaa
675 1153 787 1234 pariter
800 1153 916 1230 dictur,
935 1152 1038 1212 debuit
1053 1171 1086 1211 ca
1104 1153 1168 1230 lege
1181 1174 1295 1225 aurium

207 1239 299 1305 4883.
320 1255 481 1315 occupare,
503 1245 538 1296 ut
555 1236 720 1297 succentori
742 1236 882 1314 Eliaciur,
903 1236 954 1317 qui
977 1235 1104 1312 loucim,
1132 1234 1293 1297 Pharaonis

206 1319 1059 1484 defendite⁵¹¹1..⁸.‘t{.¹.‘3¹}⁰.⁵.:.³'.‘3”titznt'sstttt
1070 1321 1295 1470 {dudd

205 1489 352 1568 inciperet
366 1490 489 1549 emetiri.
517 1489 705 1548 Memoratam
717 1498 821 1548 tamen
830 1488 924 1565 legem
939 1508 1000 1546 non
1016 1488 1153 1547 observat
1165 1485 1293 1563 Author,

206 1582 237 1632 et
259 1573 357 1632 tribue
378 1572 502 1632 Ioaclraz
526 1572 674 1632 mensibus
695 1573 803 1632 ultinro
826 1573 920 1651 patria
942 1571 1037 1631 {caiae
1058 1590 1136 1631 enno
1156 1571 1294 1649 incluaia,

206 1677 329 1735 regnum
345 1657 471 1731 Ioacim,
493 1657 526 1715 iu
544 1657 648 1717 muudi
663 1657 755 1722 4883.
768 1657 867 1716 refert.
895 1654 1184 1716 Postulatemnihito
1197 1655 1292 1715 aeciue

207 1741 440 1802 emendationem
459 1735 561 1806 deind.
575 1761 666 1820 aequa
681 1750 849 1822 temporum
864 1743 940 1800 ratio
954 1741 993 1801 ad
1006 1740 1070 1800 salsi
1085 1740 1202 1800 nurneri
1216 1741 1294 1798 latua

207 1827 350 1906 compulit
363 1827 573 1904 reponendam.
600 1824 752 1886 leehcuiaa
773 1827 852 1885 enirn
868 1845 1021 1885 aucccaaor
1036 1833 1105 1903 poet
1118 1822 1208 1895 leuior
1223 1822 1293 1881 loa·

207 1913 265 1969 cim
282 1929 406 1987 reguum
427 1910 511 1968 annia
532 1910 671 1969 undecim
694 1910 834 1969 emundi
853 1920 888 1970 ut
906 1909 1041 1989 praemisi
1063 1907 1155 1974 4884.
1183 1906 1293 1967 initum

205 2005 320 2076 putrem
340 1993 453 2072 excipit
466 1994 571 2053 mundi
590 1995 682 2062 4895.
696 1995 736 2054 uit
749 1994 866 2054 Autiror
878 2015 944 2074 pag.
960 1998 1029 2059 219.
1044 1993 1076 2051 G.
1091 2001 1122 2050 et
1135 1990 1218 2052 hunc
1234 1992 1294 2050 824

206 2079 304 2139 deciae
326 2099 403 2136 arrrro
424 2087 565 2156 aequente
589 2079 641 2158 qui
659 2080 762 2140 mundi
778 2080 871 2147 4896.
894 2079 976 2158 quod
999 2076 1108 2137 iterum
1132 2074 1290 2136 manifesto

204 2163 324 2244 reperit¹
336 2183 402 2243 pag.
423 2166 492 2230 223.
515 2165 546 2224 c.

249 2255 251 2257 ’
292 2243 333 2310 Τό
343 2245 481 2327 τέταρτον
495 2240 720 2326 iaoe’duoxetpr
737 2241 851 2326 κόσμου
866 2241 900 2309 di
921 2238 1041 2330 ,duanJ
1068 2242 1150 2315 Quid
1169 2240 1228 2302 hoc
1247 2246 1293 2302 rei

205 2329 272 2388 esti
295 2331 342 2390 Ex
360 2333 530 2390 continuata
542 2328 732 2410 regum'ludu
754 2332 845 2407 serie,
867 2340 897 2390 ct
910 2329 995 2388 annia
1009 2327 1116 2386 mundi
1132 2346 1200 2387 cum
1221 2326 1295 2403 pri-

204 2422 275 2472 vato
291 2415 433 2493 cuiusque
449 2417 526 2493 regie
543 2425 678 2496 ternpore
698 2416 830 2490 collatis,
852 2413 996 2474 concultia
1014 2413 1175 2471 etiamnum
1194 2409 1294 2470 Chro-

203 2499 348 2574 nologicis
364 2500 481 2576 tabulis,
496 2501 617 2559 Eiiaeirn
631 2493 723 2576 liunc,
744 2501 802 2559 alio
816 2498 934 2558 nomine
949 2497 1065 2556 dictum
1080 2495 1197 2570 ioacim,
1211 2515 1291 2554 anno

204 2591 273 2664 pust
291 2583 394 2638 rnundi
406 2584 588 2662 principium
602 2585 695 2650 4884.
709 2605 724 2642 a
739 2584 890 2644 Pharaone
898 2580 1015 2641 Nocirao
1030 2589 1207 2660 provectum
1219 2587 1292 2637 uota

111 2715 113 2718 .
206 2665 340 2746 superior
357 2666 504 2740 ostendit5
527 2678 577 2726 aut
590 2669 694 2726 saltone
707 2668 801 2727 tribua
811 2666 932 2726 Ioachaz
946 2664 1193 2724 merrsibualoaiae
1205 2661 1291 2720 annia
1410 2696 1412 2701 s

207 2749 441 2830 comprehensio,
463 2752 564 2809 mundi
582 2755 674 2815 4883.
688 2761 778 2829 prout
787 2751 874 2808 habet
886 2760 1002 2822 textus,
1024 2747 1147 2827 iudaeae
1160 2766 1208 2804 rea
1221 2765 1290 2804 aus-

207 2837 317 2916 cepisae
338 2834 598 2908 administrandae,
632 2835 792 2911 Georgium
806 2834 935 2892 scribere
950 2832 1001 2911 qui
1016 2831 1111 2890 oculis
1123 2849 1185 2889 non
1199 2829 1292 2889 suerit

208 2929 312 2999 captus
325 2919 477 2978 confertim
492 2917 649 2999 perspicit:
669 2917 720 2976 hic
738 2939 808 2977 vero
823 2917 928 2977 auirnet
944 2919 1031 2996 plene
1045 2916 1217 2989 immernor,
1239 2933 1291 2974 rc·

208 3024 277 3062 cena
292 3005 474 3078 adinventis,
496 3004 643 3063 nedicunt
658 3003 773 3080 longiua
789 3002 958 3083 productis,
979 3020 1052 3079 quoa
1073 3007 1142 3058 nota
1155 2998 1292 3078 superior

206 3089 350 3162 exagitat,
381 3089 545 3162 erroribus,
577 3107 688 3147 annurn
714 3088 824 3146 loacirn
847 3095 985 3165 quartum
1011 3085 1043 3142 in
1066 3083 1169 3143 mundi
1198 3084 1290 3148 4888.

206 3169 458 3246 submovendum,
479 3171 511 3228 in
529 3181 712 3249 praesentem
727 3173 819 3236 4883.
836 3192 895 3248 quo
911 3171 1039 3247 priunum
1058 3167 1150 3224 locari
1172 3183 1291 3222 neccaac

207 3255 279 3329 fuir,
301 3253 441 3311 advocat:
463 3273 500 3310 ac
514 3273 551 3310 nc
565 3254 676 3321 incauti
690 3256 768 3328 stylo
783 3255 919 3310 videatur
930 3251 981 3308 hic
994 3267 1132 3307 numerus
1150 3248 1222 3306 saiso
1238 3267 1290 3306 cx·

208 3339 331 3413 cidisse,
352 3356 390 3396 cx
408 3356 442 3394 eo
457 3336 542 3414 quari
560 3344 622 3393 tuta
635 3344 665 3392 ct
679 3335 845 3414 probatiori
860 3333 972 3413 epocha
988 3332 1115 3391 celebres
1129 3331 1201 3390 alies
1217 3351 1291 3411 cpo-

209 3422 279 3483 chaa
294 3431 323 3482 ot
337 3441 482 3480 annorum
496 3439 622 3478 autumas
631 3418 770 3497 perioche
779 3419 868 3496 paulo
878 3416 1003 3477 inseriua
1016 3424 1192 3476 occurrente
1204 3415 1291 3475 litera

207 3509 244 3569 l).
263 3508 348 3567 cuiue
361 3504 479 3564 initium
505 3504 684 3581 comprimere
697 3498 824 3584 ἀκριβής
839 3497 901 3565 cinti
915 3505 970 3564 τοῦ
983 3495 1104 3583 πρώτου
1119 3499 1211 3573 ἔτους.
1234 3500 1291 3558 dc-

208 3592 294 3652 ducit
312 3600 342 3650 et
357 3589 484 3650 ordinat.
526 3587 711 3665 Suffragatur
727 3587 857 3654 ¹Authori
876 3585 1027 3647 Librarius
1042 3586 1133 3660 adeo,
1154 3596 1235 3644 uteo
1250 3583 1291 3642 li·

208 3687 271 3752 cet,
299 3673 382 3755 quod
404 3673 549 3746 exarant,
577 3672 762 3752 autographo
775 3672 936 3752 'aeripuerit
957 3669 1066 3741 Ioacirn
1089 3688 1166 3728 aiano
1186 3666 1292 3727 mundi

207 3757 318 3845 ,dunyss
335 3761 372 3819 ad
391 3759 499 3836 regiam
520 3756 693 3832 dignitatern
715 3766 901 3836 promotum,
926 3753 1025 3834 quarti
1040 3764 1139 3814 tamen
1160 3752 1291 3811 ciusdem

207 3844 277 3904 anni
288 3845 321 3903 iu
332 3845 433 3903 rnundi
445 3843 535 3908 4883.
551 3841 705 3899 rciiciendi
716 3840 808 3920 gratia
818 3839 937 3920 propria
952 3859 1042 3897 manu
1054 3847 1084 3897 et
1096 3837 1199 3896 eodem
1211 3835 1291 3914 atylo

208 3929 380 4007 apposuerit
401 3923 472 4008 ὅπερ
490 3921 564 3988 narei
582 3922 639 4004 criu
658 3924 861 4001 ὑποκειμένην
880 3923 1077 4000 στοιχείωσιν,
1098 3941 1156 3999 quu
1177 3919 1294 3978 acilicet

208 4022 332 4092 quartur
351 4011 461 4070 loacim
479 4029 573 4069 annua
593 4009 745 4070 inmundi
765 4011 857 4074 4888.
876 4007 1060 4080 continetur,
1082 3999 1192 4083 ὀφείλει
1213 3997 1293 4064 εἶναι

182 4147 184 4154 ,
209 4089 292 4181 ,donst
313 4094 419 4153 rnundi
441 4095 580 4154 nimirum
603 4095 694 4160 4880.
712 4103 741 4155 et
759 4093 874 4170 primur
893 4090 1000 4151 loacim
1020 4108 1125 4148 annua.
1165 4085 1293 4146 Subiicit

208 4183 268 4241 ilie.
308 4175 346 4240 au*
367 4175 400 4240 di
420 4181 489 4259 τρία
508 4179 558 4260 ἔτη
576 4182 668 4241 τοῦτο
687 4175 724 4240 rei
744 4175 939 4258 προορέχοντα
956 4174 990 4236 ἐν
1004 4173 1106 4251 ,ποίοις
1121 4163 1294 4253 προσώποις

210 4261 394 4349 προσετέθη,
425 4259 602 4345 ἀγνοοῦμεν.
643 4262 799 4324 Arioiabor
817 4281 886 4337 ego,
914 4268 944 4317 et
964 4279 1018 4337 pro
1038 4267 1130 4337 captu
1145 4273 1293 4334 exponam

210 4351 243 4410 in
259 4346 459 4428 aequantibus.
480 4349 630 4406 Librarius
644 4349 696 4408 iile
710 4347 748 4406 ad
762 4344 904 4405 Aetheria
919 4351 1043 4401 ruentem
1058 4341 1207 4421 propriam
1222 4357 1294 4396 aeu-

210 4436 335 4497 tentiern
348 4432 537 4512 expetiturus
553 4433 739 4512 septuaginta
753 4427 932 4511 captivitatis
942 4447 1054 4500 arrrroa,
1073 4426 1169 4506 primo
1182 4422 1292 4483 loeciur
