<?xml version="1.0" encoding="UTF-8"?>
<!DOCTYPE html PUBLIC "-//W3C//DTD XHTML 1.0 Transitional//EN"
    "http://www.w3.org/TR/xhtml1/DTD/xhtml1-transitional.dtd">
<html xmlns="http://www.w3.org/1999/xhtml" xml:lang="en" lang="en">
 <head>
  <title>
</title>
<meta http-equiv="Content-Type" content="text/html;charset=utf-8" />
  <meta name='ocr-system' content='tesseract 3.04.00' />
  <meta name='ocr-capabilities' content='ocr_page ocr_carea ocr_par ocr_line ocrx_word'/>
</head>
<body>
  <div class='ocr_page' id='page_1' title='image "./corpusscriptoru33theogoog_0493.png"; bbox 0 0 3109 4959; ppageno 0'>
   <div class='ocr_carea' id='block_1_1' title="bbox 512 416 1271 498">
    <p class='ocr_par' dir='ltr' id='par_1_1' title="bbox 512 416 1271 498">
     <span class='ocr_line' id='line_1_1' title="bbox 512 416 1271 498; baseline -0.008 -2"><span class='ocrx_word' id='word_1_1' title='bbox 512 427 574 496; x_wconf 84' lang='grc' dir='ltr'><strong>ΕΤ</strong></span> <span class='ocrx_word' id='word_1_2' title='bbox 594 425 945 498; x_wconf 76' lang='grc' dir='ltr'><strong>ΔΝΝΟΤΑΊῚΟΝΕὸ.</strong></span> <span class='ocrx_word' id='word_1_3' title='bbox 1196 416 1271 491; x_wconf 78' lang='grc' dir='ltr'><strong>47Ί</strong></span> 
     </span>
    </p>
   </div>
   <div class='ocr_carea' id='block_1_2' title="bbox 141 580 1305 4456">
    <p class='ocr_par' dir='ltr' id='par_1_2' title="bbox 189 580 1273 748">
     <span class='ocr_line' id='line_1_2' title="bbox 189 580 1273 666; baseline 0 -22"><span class='ocrx_word' id='word_1_4' title='bbox 189 585 325 664; x_wconf 85' lang='lat' dir='ltr'><strong>nequiret</strong></span> <span class='ocrx_word' id='word_1_5' title='bbox 340 583 490 646; x_wconf 85' lang='lat' dir='ltr'><strong>annotari:</strong></span> <span class='ocrx_word' id='word_1_6' title='bbox 522 604 557 646; x_wconf 87' lang='lat' dir='ltr'><strong>ac</strong></span> <span class='ocrx_word' id='word_1_7' title='bbox 570 591 728 666; x_wconf 86' lang='lat' dir='ltr'><strong>propterea</strong></span> <span class='ocrx_word' id='word_1_8' title='bbox 746 583 858 645; x_wconf 68' lang='lat' dir='ltr'><strong>nedem</strong></span> <span class='ocrx_word' id='word_1_9' title='bbox 870 604 988 646; x_wconf 81' lang='lat' dir='ltr'><strong>sursum</strong></span> <span class='ocrx_word' id='word_1_10' title='bbox 1003 580 1161 646; x_wconf 80' lang='lat' dir='ltr'><strong>evehendis</strong></span> <span class='ocrx_word' id='word_1_11' title='bbox 1172 603 1212 645; x_wconf 80' lang='lat' dir='ltr'><strong>ex</strong></span> <span class='ocrx_word' id='word_1_12' title='bbox 1225 583 1273 644; x_wconf 87' lang='lat' dir='ltr'><strong>ia·</strong></span> 
     </span>
     <span class='ocr_line' id='line_1_3' title="bbox 190 669 1090 748; baseline 0.002 -20"><span class='ocrx_word' id='word_1_13' title='bbox 190 669 278 728; x_wconf 89' lang='lat' dir='ltr'><strong>certis</strong></span> <span class='ocrx_word' id='word_1_14' title='bbox 294 671 434 730; x_wconf 78' lang='lat' dir='ltr'><strong>Samuelis</strong></span> <span class='ocrx_word' id='word_1_15' title='bbox 448 669 550 744; x_wconf 89' lang='lat' dir='ltr'><strong>annis,</strong></span> <span class='ocrx_word' id='word_1_16' title='bbox 572 669 711 748; x_wconf 82' lang='lat' dir='ltr'><strong>quosdam</strong></span> <span class='ocrx_word' id='word_1_17' title='bbox 725 689 844 730; x_wconf 86' lang='lat' dir='ltr'><strong>necesse</strong></span> <span class='ocrx_word' id='word_1_18' title='bbox 856 669 915 731; x_wconf 81' lang='lat' dir='ltr'><strong>tait</strong></span> <span class='ocrx_word' id='word_1_19' title='bbox 928 670 1090 730; x_wconf 86' lang='lat' dir='ltr'><strong>detrahere.</strong></span> 
     </span>
    </p>

    <p class='ocr_par' dir='ltr' id='par_1_3' title="bbox 141 748 1275 1526">
     <span class='ocr_line' id='line_1_4' title="bbox 141 748 1273 834; baseline -0.006 -17"><span class='ocrx_word' id='word_1_20' title='bbox 141 794 145 803; x_wconf 92' lang='lat'>·</span> <span class='ocrx_word' id='word_1_21' title='bbox 178 773 183 784; x_wconf 93' lang='grc'>’</span> <span class='ocrx_word' id='word_1_22' title='bbox 271 748 357 834; x_wconf 61' lang='lat' dir='ltr'><strong>&#39;elapsi</strong></span> <span class='ocrx_word' id='word_1_23' title='bbox 376 749 410 834; x_wconf 83' lang='grc' dir='ltr'><strong>γ’.</strong></span> <span class='ocrx_word' id='word_1_24' title='bbox 426 749 644 833; x_wconf 63' lang='grc' dir='ltr'><strong>Ὀλυμπιάδος]</strong></span> <span class='ocrx_word' id='word_1_25' title='bbox 658 752 757 814; x_wconf 88' lang='lat' dir='ltr'><strong>Primo</strong></span> <span class='ocrx_word' id='word_1_26' title='bbox 771 753 913 814; x_wconf 86' lang='lat' dir='ltr'><strong>nimirum</strong></span> <span class='ocrx_word' id='word_1_27' title='bbox 925 754 1056 815; x_wconf 86' lang='lat' dir='ltr'><strong>leatham</strong></span> <span class='ocrx_word' id='word_1_28' title='bbox 1071 774 1165 827; x_wconf 85' lang='lat' dir='ltr'><strong>anno,</strong></span> <span class='ocrx_word' id='word_1_29' title='bbox 1186 771 1273 812; x_wconf 89' lang='lat' dir='ltr'><strong>mun·</strong></span> 
     </span>
     <span class='ocr_line' id='line_1_5' title="bbox 189 834 1274 918; baseline 0 -22"><span class='ocrx_word' id='word_1_30' title='bbox 189 834 221 896; x_wconf 88' lang='lat' dir='ltr'><strong>di</strong></span> <span class='ocrx_word' id='word_1_31' title='bbox 239 836 334 904; x_wconf 82' lang='grc'><strong>4734.</strong></span> <span class='ocrx_word' id='word_1_32' title='bbox 362 838 458 898; x_wconf 84' lang='lat' dir='ltr'><strong>Prima</strong></span> <span class='ocrx_word' id='word_1_33' title='bbox 477 839 586 918; x_wconf 87' lang='lat' dir='ltr'><strong>quippe</strong></span> <span class='ocrx_word' id='word_1_34' title='bbox 600 836 776 918; x_wconf 85' lang='lat' dir='ltr'><strong>Olympiade</strong></span> <span class='ocrx_word' id='word_1_35' title='bbox 792 839 829 896; x_wconf 86' lang='lat' dir='ltr'><strong>ad</strong></span> <span class='ocrx_word' id='word_1_36' title='bbox 844 839 933 898; x_wconf 77' lang='lat' dir='ltr'><strong>Ozias</strong></span> <span class='ocrx_word' id='word_1_37' title='bbox 956 839 1008 905; x_wconf 80' lang='grc'><strong>46.</strong></span> <span class='ocrx_word' id='word_1_38' title='bbox 1028 859 1138 899; x_wconf 87' lang='lat' dir='ltr'><strong>annum</strong></span> <span class='ocrx_word' id='word_1_39' title='bbox 1154 835 1274 896; x_wconf 80' lang='lat' dir='ltr'><strong>adscri-</strong></span> 
     </span>
     <span class='ocr_line' id='line_1_6' title="bbox 187 919 1273 1003; baseline -0.001 -22"><span class='ocrx_word' id='word_1_40' title='bbox 187 930 257 1001; x_wconf 87' lang='lat' dir='ltr'><strong>pta,</strong></span> <span class='ocrx_word' id='word_1_41' title='bbox 279 923 407 982; x_wconf 86' lang='lat' dir='ltr'><strong>secunda</strong></span> <span class='ocrx_word' id='word_1_42' title='bbox 422 923 552 982; x_wconf 88' lang='lat' dir='ltr'><strong>eiusdem</strong></span> <span class='ocrx_word' id='word_1_43' title='bbox 564 922 653 982; x_wconf 81' lang='lat' dir='ltr'><strong>(laiac</strong></span> <span class='ocrx_word' id='word_1_44' title='bbox 666 924 717 989; x_wconf 85' lang='grc'><strong>49.</strong></span> <span class='ocrx_word' id='word_1_45' title='bbox 727 932 847 1002; x_wconf 86' lang='lat' dir='ltr'><strong>recepta</strong></span> <span class='ocrx_word' id='word_1_46' title='bbox 859 931 918 997; x_wconf 78' lang='lat' dir='ltr'><strong>est5</strong></span> <span class='ocrx_word' id='word_1_47' title='bbox 937 924 1009 981; x_wconf 85' lang='lat' dir='ltr'><strong>Oaia</strong></span> <span class='ocrx_word' id='word_1_48' title='bbox 1022 942 1095 983; x_wconf 84' lang='lat' dir='ltr'><strong>vero</strong></span> <span class='ocrx_word' id='word_1_49' title='bbox 1108 931 1177 1003; x_wconf 88' lang='lat' dir='ltr'><strong>post</strong></span> <span class='ocrx_word' id='word_1_50' title='bbox 1187 919 1273 998; x_wconf 83' lang='lat' dir='ltr'><strong>regni</strong></span> 
     </span>
     <span class='ocr_line' id='line_1_7' title="bbox 189 1006 1272 1088; baseline 0 -26"><span class='ocrx_word' id='word_1_51' title='bbox 189 1006 462 1084; x_wconf 80' lang='lat' dir='ltr'><strong>quinquagesimum</strong></span> <span class='ocrx_word' id='word_1_52' title='bbox 480 1009 643 1068; x_wconf 88' lang='lat' dir='ltr'><strong>secundum</strong></span> <span class='ocrx_word' id='word_1_53' title='bbox 662 1007 820 1081; x_wconf 79' lang='lat' dir='ltr'><strong>defuncto,</strong></span> <span class='ocrx_word' id='word_1_54' title='bbox 841 1007 929 1066; x_wconf 82' lang='lat' dir='ltr'><strong>tertia</strong></span> <span class='ocrx_word' id='word_1_55' title='bbox 946 1007 1099 1088; x_wconf 78' lang='lat' dir='ltr'><strong>Olympias</strong></span> <span class='ocrx_word' id='word_1_56' title='bbox 1118 1026 1184 1066; x_wconf 86' lang='lat' dir='ltr'><strong>cum</strong></span> <span class='ocrx_word' id='word_1_57' title='bbox 1202 1007 1272 1064; x_wconf 86' lang='lat' dir='ltr'><strong>lea·-</strong></span> 
     </span>
     <span class='ocr_line' id='line_1_8' title="bbox 187 1088 1274 1171; baseline 0.001 -24"><span class='ocrx_word' id='word_1_58' title='bbox 187 1088 271 1148; x_wconf 85' lang='lat' dir='ltr'><strong>tbam</strong></span> <span class='ocrx_word' id='word_1_59' title='bbox 290 1092 387 1168; x_wconf 90' lang='lat' dir='ltr'><strong>primo</strong></span> <span class='ocrx_word' id='word_1_60' title='bbox 403 1101 504 1150; x_wconf 88' lang='lat' dir='ltr'><strong>exorta</strong></span> <span class='ocrx_word' id='word_1_61' title='bbox 520 1100 572 1150; x_wconf 84' lang='lat' dir='ltr'><strong>est.</strong></span> <span class='ocrx_word' id='word_1_62' title='bbox 609 1093 760 1152; x_wconf 74' lang='lat' dir='ltr'><strong>Caeterum</strong></span> <span class='ocrx_word' id='word_1_63' title='bbox 775 1092 934 1151; x_wconf 77' lang='lat' dir='ltr'><strong>Eusebium</strong></span> <span class='ocrx_word' id='word_1_64' title='bbox 947 1090 986 1150; x_wconf 87' lang='lat' dir='ltr'><strong>ad</strong></span> <span class='ocrx_word' id='word_1_65' title='bbox 997 1092 1126 1171; x_wconf 83' lang='lat' dir='ltr'><strong>primum</strong></span> <span class='ocrx_word' id='word_1_66' title='bbox 1140 1088 1274 1148; x_wconf 84' lang='lat' dir='ltr'><strong>lentham</strong></span> 
     </span>
     <span class='ocr_line' id='line_1_9' title="bbox 188 1174 1274 1264; baseline 0 -34"><span class='ocrx_word' id='word_1_67' title='bbox 188 1193 301 1232; x_wconf 81' lang='lat' dir='ltr'><strong>animm</strong></span> <span class='ocrx_word' id='word_1_68' title='bbox 318 1175 503 1254; x_wconf 72' lang='lat' dir='ltr'><strong>Olympiadis</strong></span> <span class='ocrx_word' id='word_1_69' title='bbox 511 1177 626 1264; x_wconf 86' lang='lat' dir='ltr'><strong>primae</strong></span> <span class='ocrx_word' id='word_1_70' title='bbox 640 1175 786 1255; x_wconf 87' lang='lat' dir='ltr'><strong>spatium,</strong></span> <span class='ocrx_word' id='word_1_71' title='bbox 805 1175 865 1234; x_wconf 90' lang='lat' dir='ltr'><strong>hoc</strong></span> <span class='ocrx_word' id='word_1_72' title='bbox 878 1185 923 1234; x_wconf 87' lang='lat' dir='ltr'><strong>est</strong></span> <span class='ocrx_word' id='word_1_73' title='bbox 938 1177 975 1234; x_wconf 85' lang='lat' dir='ltr'><strong>ad</strong></span> <span class='ocrx_word' id='word_1_74' title='bbox 989 1185 1128 1254; x_wconf 88' lang='lat' dir='ltr'><strong>quartum</strong></span> <span class='ocrx_word' id='word_1_75' title='bbox 1140 1174 1202 1233; x_wconf 85' lang='lat' dir='ltr'><strong>eius</strong></span> <span class='ocrx_word' id='word_1_76' title='bbox 1217 1193 1274 1231; x_wconf 83' lang='lat' dir='ltr'><strong>au·</strong></span> 
     </span>
     <span class='ocr_line' id='line_1_10' title="bbox 187 1259 1274 1337; baseline -0.001 -22"><span class='ocrx_word' id='word_1_77' title='bbox 187 1276 261 1316; x_wconf 86' lang='lat' dir='ltr'><strong>num</strong></span> <span class='ocrx_word' id='word_1_78' title='bbox 278 1259 499 1334; x_wconf 74' lang='lat' dir='ltr'><strong>extendentem,</strong></span> <span class='ocrx_word' id='word_1_79' title='bbox 521 1260 610 1319; x_wconf 88' lang='lat' dir='ltr'><strong>tacite</strong></span> <span class='ocrx_word' id='word_1_80' title='bbox 624 1260 721 1320; x_wconf 86' lang='lat' dir='ltr'><strong>verbis</strong></span> <span class='ocrx_word' id='word_1_81' title='bbox 738 1261 804 1318; x_wconf 88' lang='lat' dir='ltr'><strong>istis</strong></span> <span class='ocrx_word' id='word_1_82' title='bbox 817 1261 937 1337; x_wconf 84' lang='lat' dir='ltr'><strong>sugillat</strong></span> <span class='ocrx_word' id='word_1_83' title='bbox 948 1261 1081 1320; x_wconf 79' lang='lat' dir='ltr'><strong>Autbor:</strong></span> <span class='ocrx_word' id='word_1_84' title='bbox 1103 1259 1274 1334; x_wconf 80' lang='lat' dir='ltr'><strong>etScalige-</strong></span> 
     </span>
     <span class='ocr_line' id='line_1_11' title="bbox 184 1338 1275 1428; baseline 0.001 -28"><span class='ocrx_word' id='word_1_85' title='bbox 184 1361 254 1400; x_wconf 81' lang='lat' dir='ltr'><strong>ruan</strong></span> <span class='ocrx_word' id='word_1_86' title='bbox 270 1343 307 1401; x_wconf 88' lang='lat' dir='ltr'><strong>ad</strong></span> <span class='ocrx_word' id='word_1_87' title='bbox 323 1343 452 1402; x_wconf 85' lang='lat' dir='ltr'><strong>ciusdem</strong></span> <span class='ocrx_word' id='word_1_88' title='bbox 468 1343 599 1402; x_wconf 89' lang='lat' dir='ltr'><strong>loatham</strong></span> <span class='ocrx_word' id='word_1_89' title='bbox 612 1364 721 1402; x_wconf 88' lang='lat' dir='ltr'><strong>annum</strong></span> <span class='ocrx_word' id='word_1_90' title='bbox 736 1345 865 1424; x_wconf 88' lang='lat' dir='ltr'><strong>primum</strong></span> <span class='ocrx_word' id='word_1_91' title='bbox 880 1338 983 1428; x_wconf 70' lang='grc' dir='ltr'><strong><em>πρώτη</em></strong></span> <span class='ocrx_word' id='word_1_92' title='bbox 994 1340 1175 1425; x_wconf 70' lang='grc' dir='ltr'><strong><em>Ὀλυμπιάς,</em></strong></span> <span class='ocrx_word' id='word_1_93' title='bbox 1195 1341 1275 1402; x_wconf 89' lang='lat' dir='ltr'><strong>scri·</strong></span> 
     </span>
     <span class='ocr_line' id='line_1_12' title="bbox 185 1425 887 1526; baseline 0.004 -42"><span class='ocrx_word' id='word_1_94' title='bbox 185 1425 303 1484; x_wconf 83' lang='lat' dir='ltr'><strong>beatem</strong></span> <span class='ocrx_word' id='word_1_95' title='bbox 318 1447 383 1506; x_wconf 84' lang='lat' dir='ltr'><strong>pag.</strong></span> <span class='ocrx_word' id='word_1_96' title='bbox 397 1431 447 1492; x_wconf 79' lang='grc'><strong>37.</strong></span> <span class='ocrx_word' id='word_1_97' title='bbox 468 1428 547 1526; x_wconf 69' lang='lat' dir='ltr'><strong>stplo</strong></span> <span class='ocrx_word' id='word_1_98' title='bbox 564 1427 682 1507; x_wconf 85' lang='lat' dir='ltr'><strong>lapsum</strong></span> <span class='ocrx_word' id='word_1_99' title='bbox 697 1427 887 1488; x_wconf 86' lang='lat' dir='ltr'><strong>demonstrat.</strong></span> 
     </span>
    </p>

    <p class='ocr_par' dir='ltr' id='par_1_4' title="bbox 186 1506 1274 1842">
     <span class='ocr_line' id='line_1_13' title="bbox 270 1506 1273 1593; baseline -0.007 -16"><span class='ocrx_word' id='word_1_100' title='bbox 270 1511 337 1586; x_wconf 65' lang='lat' dir='ltr'><strong>l‘ssg·</strong></span> <span class='ocrx_word' id='word_1_101' title='bbox 360 1517 431 1577; x_wconf 80' lang='grc'><strong>201.</strong></span> <span class='ocrx_word' id='word_1_102' title='bbox 452 1516 577 1591; x_wconf 79' lang='grc' dir='ltr'><em>Κοσμου</em></span> <span class='ocrx_word' id='word_1_103' title='bbox 595 1508 628 1574; x_wconf 79' lang='lat' dir='ltr'><strong>di</strong></span> <span class='ocrx_word' id='word_1_104' title='bbox 640 1506 762 1593; x_wconf 59' lang='grc' dir='ltr'><strong>,δψος’.]</strong></span> <span class='ocrx_word' id='word_1_105' title='bbox 779 1512 897 1580; x_wconf 84' lang='lat' dir='ltr'><strong>Ezecias</strong></span> <span class='ocrx_word' id='word_1_106' title='bbox 910 1531 926 1568; x_wconf 90' lang='lat' dir='ltr'><strong>a</strong></span> <span class='ocrx_word' id='word_1_107' title='bbox 938 1520 1035 1570; x_wconf 87' lang='lat' dir='ltr'><strong>creato</strong></span> <span class='ocrx_word' id='word_1_108' title='bbox 1046 1520 1191 1572; x_wconf 83' lang='lat' dir='ltr'><strong>terrarum</strong></span> <span class='ocrx_word' id='word_1_109' title='bbox 1202 1509 1273 1570; x_wconf 80' lang='lat' dir='ltr'><strong>orbs</strong></span> 
     </span>
     <span class='ocr_line' id='line_1_14' title="bbox 186 1595 1273 1674; baseline -0.002 -22"><span class='ocrx_word' id='word_1_110' title='bbox 186 1613 264 1652; x_wconf 89' lang='lat' dir='ltr'><strong>anno</strong></span> <span class='ocrx_word' id='word_1_111' title='bbox 277 1596 368 1660; x_wconf 84' lang='grc'><strong>4766.</strong></span> <span class='ocrx_word' id='word_1_112' title='bbox 389 1615 512 1671; x_wconf 72' lang='lat' dir='ltr'><strong>regnum</strong></span> <span class='ocrx_word' id='word_1_113' title='bbox 532 1596 623 1655; x_wconf 81' lang='lat' dir='ltr'><strong>adiit:</strong></span> <span class='ocrx_word' id='word_1_114' title='bbox 644 1596 726 1670; x_wconf 75' lang='lat' dir='ltr'><strong>regni</strong></span> <span class='ocrx_word' id='word_1_115' title='bbox 743 1606 848 1674; x_wconf 88' lang='lat' dir='ltr'><strong>quarto</strong></span> <span class='ocrx_word' id='word_1_116' title='bbox 862 1615 954 1674; x_wconf 89' lang='lat' dir='ltr'><strong>supra</strong></span> <span class='ocrx_word' id='word_1_117' title='bbox 969 1595 1116 1653; x_wconf 88' lang='lat' dir='ltr'><strong>decimum</strong></span> <span class='ocrx_word' id='word_1_118' title='bbox 1131 1595 1242 1654; x_wconf 87' lang='lat' dir='ltr'><strong>bellum</strong></span> <span class='ocrx_word' id='word_1_119' title='bbox 1255 1613 1273 1650; x_wconf 89' lang='lat' dir='ltr'><strong>a</strong></span> 
     </span>
     <span class='ocr_line' id='line_1_15' title="bbox 186 1677 1274 1760; baseline 0.003 -26"><span class='ocrx_word' id='word_1_120' title='bbox 186 1677 384 1736; x_wconf 87' lang='lat' dir='ltr'><strong>Sennacherib</strong></span> <span class='ocrx_word' id='word_1_121' title='bbox 400 1680 515 1739; x_wconf 88' lang='lat' dir='ltr'><strong>illatum</strong></span> <span class='ocrx_word' id='word_1_122' title='bbox 526 1679 621 1738; x_wconf 86' lang='lat' dir='ltr'><strong>missis</strong></span> <span class='ocrx_word' id='word_1_123' title='bbox 631 1679 801 1738; x_wconf 87' lang='lat' dir='ltr'><strong>numeribus</strong></span> <span class='ocrx_word' id='word_1_124' title='bbox 814 1680 943 1760; x_wconf 82' lang='lat' dir='ltr'><strong>depulita</strong></span> <span class='ocrx_word' id='word_1_125' title='bbox 957 1679 1049 1757; x_wconf 78' lang='lat' dir='ltr'><strong>igitur</strong></span> <span class='ocrx_word' id='word_1_126' title='bbox 1061 1678 1167 1738; x_wconf 80' lang='lat' dir='ltr'><strong>mundi</strong></span> <span class='ocrx_word' id='word_1_127' title='bbox 1181 1679 1274 1743; x_wconf 81' lang='lat'><strong>4779.</strong></span> 
     </span>
     <span class='ocr_line' id='line_1_16' title="bbox 186 1762 811 1842; baseline 0.005 -23"><span class='ocrx_word' id='word_1_128' title='bbox 186 1762 329 1820; x_wconf 86' lang='lat' dir='ltr'><strong>Narratur</strong></span> <span class='ocrx_word' id='word_1_129' title='bbox 341 1763 463 1823; x_wconf 86' lang='lat' dir='ltr'><strong>historia</strong></span> <span class='ocrx_word' id='word_1_130' title='bbox 476 1765 528 1826; x_wconf 91' lang='lat' dir='ltr'><strong>lib.</strong></span> <span class='ocrx_word' id='word_1_131' title='bbox 547 1767 576 1829; x_wconf 86' lang='grc'><strong>4,</strong></span> <span class='ocrx_word' id='word_1_132' title='bbox 595 1765 661 1840; x_wconf 78' lang='lat' dir='ltr'><strong>lleg.</strong></span> <span class='ocrx_word' id='word_1_133' title='bbox 678 1783 743 1842; x_wconf 90' lang='lat' dir='ltr'><strong>cap.</strong></span> <span class='ocrx_word' id='word_1_134' title='bbox 763 1767 811 1829; x_wconf 87' lang='lat'><strong>18.</strong></span> 
     </span>
    </p>

    <p class='ocr_par' dir='ltr' id='par_1_5' title="bbox 150 1842 1276 2686">
     <span class='ocr_line' id='line_1_17' title="bbox 270 1842 1276 1929; baseline -0.008 -17"><span class='ocrx_word' id='word_1_135' title='bbox 270 1846 338 1922; x_wconf 65' lang='lat' dir='ltr'><strong>Pag-</strong></span> <span class='ocrx_word' id='word_1_136' title='bbox 362 1853 432 1912; x_wconf 84' lang='lat'><strong>202.</strong></span> <span class='ocrx_word' id='word_1_137' title='bbox 454 1844 572 1926; x_wconf 73' lang='lat' dir='ltr'><strong>Zelodn</strong></span> <span class='ocrx_word' id='word_1_138' title='bbox 584 1846 698 1929; x_wconf 70' lang='grc' dir='ltr'><em>ἡμέρας</em></span> <span class='ocrx_word' id='word_1_139' title='bbox 711 1842 757 1925; x_wconf 82' lang='lat' dir='ltr'><strong>l‘.]</strong></span> <span class='ocrx_word' id='word_1_140' title='bbox 780 1848 893 1907; x_wconf 90' lang='lat' dir='ltr'><strong>Sellum</strong></span> <span class='ocrx_word' id='word_1_141' title='bbox 912 1867 1041 1906; x_wconf 88' lang='lat' dir='ltr'><strong>mensem</strong></span> <span class='ocrx_word' id='word_1_142' title='bbox 1055 1867 1092 1906; x_wconf 90' lang='lat' dir='ltr'><strong>ac</strong></span> <span class='ocrx_word' id='word_1_143' title='bbox 1105 1855 1204 1905; x_wconf 90' lang='lat' dir='ltr'><strong>totum</strong></span> <span class='ocrx_word' id='word_1_144' title='bbox 1218 1863 1276 1904; x_wconf 79' lang='lat' dir='ltr'><strong>rc-</strong></span> 
     </span>
     <span class='ocr_line' id='line_1_18' title="bbox 185 1930 1275 2011; baseline 0 -24"><span class='ocrx_word' id='word_1_145' title='bbox 185 1949 277 2006; x_wconf 81' lang='lat' dir='ltr'><strong>gnum</strong></span> <span class='ocrx_word' id='word_1_146' title='bbox 296 1932 427 2007; x_wconf 81' lang='lat' dir='ltr'><strong>congerit</strong></span> <span class='ocrx_word' id='word_1_147' title='bbox 440 1931 555 1990; x_wconf 77' lang='lat' dir='ltr'><strong>Author</strong></span> <span class='ocrx_word' id='word_1_148' title='bbox 575 1953 641 1990; x_wconf 83' lang='lat' dir='ltr'><strong>rum</strong></span> <span class='ocrx_word' id='word_1_149' title='bbox 660 1930 817 1990; x_wconf 76' lang='lat' dir='ltr'><strong>Zachariae</strong></span> <span class='ocrx_word' id='word_1_150' title='bbox 834 1933 985 1991; x_wconf 75' lang='lat' dir='ltr'><strong>iriensibus</strong></span> <span class='ocrx_word' id='word_1_151' title='bbox 1003 1949 1071 2008; x_wconf 83' lang='lat' dir='ltr'><strong>sex,</strong></span> <span class='ocrx_word' id='word_1_152' title='bbox 1095 1940 1125 1989; x_wconf 90' lang='lat' dir='ltr'><strong>et</strong></span> <span class='ocrx_word' id='word_1_153' title='bbox 1137 1940 1201 1989; x_wconf 89' lang='lat' dir='ltr'><strong>toto</strong></span> <span class='ocrx_word' id='word_1_154' title='bbox 1216 1950 1275 2011; x_wconf 89' lang='lat' dir='ltr'><strong>pa·</strong></span> 
     </span>
     <span class='ocr_line' id='line_1_19' title="bbox 184 2013 1275 2096; baseline -0.002 -24"><span class='ocrx_word' id='word_1_155' title='bbox 184 2016 258 2074; x_wconf 87' lang='lat' dir='ltr'><strong>riter</strong></span> <span class='ocrx_word' id='word_1_156' title='bbox 280 2033 371 2090; x_wconf 78' lang='lat' dir='ltr'><strong>regno</strong></span> <span class='ocrx_word' id='word_1_157' title='bbox 388 2015 537 2075; x_wconf 88' lang='lat' dir='ltr'><strong>inmundi</strong></span> <span class='ocrx_word' id='word_1_158' title='bbox 554 2015 645 2083; x_wconf 76' lang='lat'><strong>4712.</strong></span> <span class='ocrx_word' id='word_1_159' title='bbox 676 2015 860 2076; x_wconf 80' lang='lat' dir='ltr'><strong>Adversatur</strong></span> <span class='ocrx_word' id='word_1_160' title='bbox 879 2016 1049 2096; x_wconf 80' lang='lat' dir='ltr'><strong>Scriptura3</strong></span> <span class='ocrx_word' id='word_1_161' title='bbox 1071 2024 1101 2076; x_wconf 82' lang='lat' dir='ltr'><strong>et</strong></span> <span class='ocrx_word' id='word_1_162' title='bbox 1116 2013 1275 2074; x_wconf 72' lang='lat' dir='ltr'><strong>Zacharim</strong></span> 
     </span>
     <span class='ocr_line' id='line_1_20' title="bbox 184 2097 1276 2177; baseline -0.002 -19"><span class='ocrx_word' id='word_1_163' title='bbox 184 2097 303 2177; x_wconf 86' lang='lat' dir='ltr'><strong>quidem</strong></span> <span class='ocrx_word' id='word_1_164' title='bbox 317 2104 347 2164; x_wconf 87' lang='lat'><strong>6.</strong></span> <span class='ocrx_word' id='word_1_165' title='bbox 363 2119 476 2176; x_wconf 82' lang='lat' dir='ltr'><strong>meuses</strong></span> <span class='ocrx_word' id='word_1_166' title='bbox 495 2100 529 2158; x_wconf 91' lang='lat' dir='ltr'><strong>in</strong></span> <span class='ocrx_word' id='word_1_167' title='bbox 549 2120 659 2174; x_wconf 76' lang='lat' dir='ltr'><strong>uariam,</strong></span> <span class='ocrx_word' id='word_1_168' title='bbox 682 2101 794 2159; x_wconf 88' lang='lat' dir='ltr'><strong>Selium</strong></span> <span class='ocrx_word' id='word_1_169' title='bbox 814 2122 885 2161; x_wconf 87' lang='lat' dir='ltr'><strong>vero</strong></span> <span class='ocrx_word' id='word_1_170' title='bbox 904 2121 1033 2160; x_wconf 79' lang='lat' dir='ltr'><strong>ariensem</strong></span> <span class='ocrx_word' id='word_1_171' title='bbox 1056 2102 1088 2160; x_wconf 88' lang='lat' dir='ltr'><strong>iu</strong></span> <span class='ocrx_word' id='word_1_172' title='bbox 1106 2099 1198 2158; x_wconf 90' lang='lat' dir='ltr'><strong>alium</strong></span> <span class='ocrx_word' id='word_1_173' title='bbox 1217 2118 1276 2156; x_wconf 90' lang='lat' dir='ltr'><strong>an-</strong></span> 
     </span>
     <span class='ocr_line' id='line_1_21' title="bbox 150 2182 1275 2264; baseline -0.002 -22"><span class='ocrx_word' id='word_1_174' title='bbox 150 2235 154 2242; x_wconf 92' lang='lat'><strong>.</strong></span> <span class='ocrx_word' id='word_1_175' title='bbox 183 2203 257 2242; x_wconf 86' lang='lat' dir='ltr'><strong>num</strong></span> <span class='ocrx_word' id='word_1_176' title='bbox 277 2182 410 2243; x_wconf 76' lang='lat' dir='ltr'><strong>ascribit.</strong></span> <span class='ocrx_word' id='word_1_177' title='bbox 429 2184 459 2250; x_wconf 88' lang='grc'><strong>4.</strong></span> <span class='ocrx_word' id='word_1_178' title='bbox 488 2185 599 2262; x_wconf 77' lang='lat' dir='ltr'><strong>[legum</strong></span> <span class='ocrx_word' id='word_1_179' title='bbox 614 2204 680 2263; x_wconf 84' lang='lat' dir='ltr'><strong>cap.</strong></span> <span class='ocrx_word' id='word_1_180' title='bbox 700 2185 748 2251; x_wconf 83' lang='lat'><strong>15.</strong></span> <span class='ocrx_word' id='word_1_181' title='bbox 762 2205 793 2244; x_wconf 84' lang='lat' dir='ltr'><strong>v.</strong></span> <span class='ocrx_word' id='word_1_182' title='bbox 811 2189 841 2251; x_wconf 86' lang='lat'><strong>8.</strong></span> <span class='ocrx_word' id='word_1_183' title='bbox 883 2185 974 2243; x_wconf 70' lang='lat' dir='ltr'><strong>Antio</strong></span> <span class='ocrx_word' id='word_1_184' title='bbox 997 2187 1151 2264; x_wconf 75' lang='lat' dir='ltr'><strong>trigesimo</strong></span> <span class='ocrx_word' id='word_1_185' title='bbox 1169 2194 1275 2241; x_wconf 74' lang='lat' dir='ltr'><strong>oetaeo</strong></span> 
     </span>
     <span class='ocr_line' id='line_1_22' title="bbox 183 2267 1275 2348; baseline -0.002 -24"><span class='ocrx_word' id='word_1_186' title='bbox 183 2267 319 2326; x_wconf 78' lang='lat' dir='ltr'><strong>Azariue</strong></span> <span class='ocrx_word' id='word_1_187' title='bbox 337 2271 418 2348; x_wconf 80' lang='lat' dir='ltr'><strong>regia</strong></span> <span class='ocrx_word' id='word_1_188' title='bbox 435 2268 517 2328; x_wconf 83' lang='lat' dir='ltr'><strong>Iuda</strong></span> <span class='ocrx_word' id='word_1_189' title='bbox 526 2314 537 2346; x_wconf 86' lang='lat'>‚</span> <span class='ocrx_word' id='word_1_190' title='bbox 565 2274 704 2346; x_wconf 62' lang='lat' dir='ltr'><strong>rapuerit</strong></span> <span class='ocrx_word' id='word_1_191' title='bbox 722 2270 894 2328; x_wconf 77' lang='lat' dir='ltr'><strong>Zacharias</strong></span> <span class='ocrx_word' id='word_1_192' title='bbox 902 2271 998 2347; x_wconf 77' lang='lat' dir='ltr'><strong>filius</strong></span> <span class='ocrx_word' id='word_1_193' title='bbox 1016 2269 1168 2329; x_wconf 82' lang='lat' dir='ltr'><strong>lerobeam</strong></span> <span class='ocrx_word' id='word_1_194' title='bbox 1184 2285 1275 2345; x_wconf 80' lang='lat' dir='ltr'><strong>super</strong></span> 
     </span>
     <span class='ocr_line' id='line_1_23' title="bbox 185 2351 1274 2433; baseline -0.001 -22"><span class='ocrx_word' id='word_1_195' title='bbox 185 2351 282 2411; x_wconf 72' lang='lat' dir='ltr'><strong>Israel</strong></span> <span class='ocrx_word' id='word_1_196' title='bbox 296 2361 352 2411; x_wconf 85' lang='lat' dir='ltr'><strong>etc.</strong></span> <span class='ocrx_word' id='word_1_197' title='bbox 369 2363 399 2412; x_wconf 86' lang='lat' dir='ltr'><strong>ct</strong></span> <span class='ocrx_word' id='word_1_198' title='bbox 414 2373 444 2413; x_wconf 86' lang='lat' dir='ltr'><strong>v.</strong></span> <span class='ocrx_word' id='word_1_199' title='bbox 463 2357 512 2420; x_wconf 82' lang='grc'><strong>13.</strong></span> <span class='ocrx_word' id='word_1_200' title='bbox 534 2355 649 2412; x_wconf 67' lang='lat' dir='ltr'><strong>tit-llam</strong></span> <span class='ocrx_word' id='word_1_201' title='bbox 657 2356 750 2432; x_wconf 77' lang='lat' dir='ltr'><strong>silius·</strong></span> <span class='ocrx_word' id='word_1_202' title='bbox 766 2355 851 2413; x_wconf 83' lang='lat' dir='ltr'><strong>labes·</strong></span> <span class='ocrx_word' id='word_1_203' title='bbox 866 2359 1004 2433; x_wconf 68' lang='lat' dir='ltr'><strong>regnarit</strong></span> <span class='ocrx_word' id='word_1_204' title='bbox 1018 2357 1172 2432; x_wconf 77' lang='lat' dir='ltr'><strong>trigesimo</strong></span> <span class='ocrx_word' id='word_1_205' title='bbox 1194 2371 1274 2410; x_wconf 80' lang='lat' dir='ltr'><strong>norro</strong></span> 
     </span>
     <span class='ocr_line' id='line_1_24' title="bbox 184 2437 1276 2517; baseline 0.001 -24"><span class='ocrx_word' id='word_1_206' title='bbox 184 2456 263 2494; x_wconf 82' lang='lat' dir='ltr'><strong>anne</strong></span> <span class='ocrx_word' id='word_1_207' title='bbox 280 2437 415 2496; x_wconf 66' lang='lat' dir='ltr'><strong>Ananiae</strong></span> <span class='ocrx_word' id='word_1_208' title='bbox 428 2440 509 2517; x_wconf 79' lang='lat' dir='ltr'><strong>regis</strong></span> <span class='ocrx_word' id='word_1_209' title='bbox 526 2437 615 2498; x_wconf 80' lang='lat' dir='ltr'><strong>Iuda.</strong></span> <span class='ocrx_word' id='word_1_210' title='bbox 653 2438 798 2500; x_wconf 82' lang='lat' dir='ltr'><strong>Autherie</strong></span> <span class='ocrx_word' id='word_1_211' title='bbox 821 2438 1017 2499; x_wconf 79' lang='lat' dir='ltr'><strong>hallucinatio</strong></span> <span class='ocrx_word' id='word_1_212' title='bbox 1039 2461 1100 2498; x_wconf 83' lang='lat' dir='ltr'><strong>aion</strong></span> <span class='ocrx_word' id='word_1_213' title='bbox 1115 2446 1202 2516; x_wconf 81' lang='lat' dir='ltr'><strong>auget</strong></span> <span class='ocrx_word' id='word_1_214' title='bbox 1218 2454 1276 2495; x_wconf 84' lang='lat' dir='ltr'><strong>nco</strong></span> 
     </span>
     <span class='ocr_line' id='line_1_25' title="bbox 183 2519 1275 2602; baseline 0.002 -25"><span class='ocrx_word' id='word_1_215' title='bbox 183 2519 292 2578; x_wconf 89' lang='lat' dir='ltr'><strong>minuit</strong></span> <span class='ocrx_word' id='word_1_216' title='bbox 307 2540 451 2580; x_wconf 77' lang='lat' dir='ltr'><strong>antrorum</strong></span> <span class='ocrx_word' id='word_1_217' title='bbox 466 2540 636 2582; x_wconf 85' lang='lat' dir='ltr'><strong>numerum:</strong></span> <span class='ocrx_word' id='word_1_218' title='bbox 660 2544 718 2602; x_wconf 82' lang='lat' dir='ltr'><strong>qua</strong></span> <span class='ocrx_word' id='word_1_219' title='bbox 736 2523 853 2584; x_wconf 68' lang='lat' dir='ltr'><strong>radeire</strong></span> <span class='ocrx_word' id='word_1_220' title='bbox 867 2523 990 2584; x_wconf 80' lang='lat' dir='ltr'><strong>Azariae</strong></span> <span class='ocrx_word' id='word_1_221' title='bbox 1005 2523 1154 2600; x_wconf 76' lang='lat' dir='ltr'><strong>trigesimo</strong></span> <span class='ocrx_word' id='word_1_222' title='bbox 1168 2531 1275 2581; x_wconf 76' lang='lat' dir='ltr'><strong>octavo</strong></span> 
     </span>
     <span class='ocr_line' id='line_1_26' title="bbox 184 2601 1188 2686; baseline 0.005 -24"><span class='ocrx_word' id='word_1_223' title='bbox 184 2601 344 2664; x_wconf 81' lang='lat' dir='ltr'><strong>Zachariae</strong></span> <span class='ocrx_word' id='word_1_224' title='bbox 356 2624 479 2683; x_wconf 86' lang='lat' dir='ltr'><strong>regnum</strong></span> <span class='ocrx_word' id='word_1_225' title='bbox 492 2606 573 2683; x_wconf 82' lang='lat' dir='ltr'><strong>apud</strong></span> <span class='ocrx_word' id='word_1_226' title='bbox 590 2627 655 2664; x_wconf 90' lang='lat' dir='ltr'><strong>eum</strong></span> <span class='ocrx_word' id='word_1_227' title='bbox 671 2627 732 2666; x_wconf 89' lang='lat' dir='ltr'><strong>non</strong></span> <span class='ocrx_word' id='word_1_228' title='bbox 742 2609 919 2686; x_wconf 82' lang='lat' dir='ltr'><strong>respondeat</strong></span> <span class='ocrx_word' id='word_1_229' title='bbox 934 2609 1005 2666; x_wconf 89' lang='lat' dir='ltr'><strong>alibi</strong></span> <span class='ocrx_word' id='word_1_230' title='bbox 1021 2608 1188 2668; x_wconf 85' lang='lat' dir='ltr'><strong>discutitur.</strong></span> 
     </span>
    </p>

    <p class='ocr_par' dir='ltr' id='par_1_6' title="bbox 181 2682 1305 3354">
     <span class='ocr_line' id='line_1_27' title="bbox 272 2682 1275 2790; baseline -0.001 -41"><span class='ocrx_word' id='word_1_231' title='bbox 272 2692 333 2750; x_wconf 82' lang='grc' dir='ltr'><strong>Τοῦ</strong></span> <span class='ocrx_word' id='word_1_232' title='bbox 354 2682 467 2769; x_wconf 74' lang='lat' dir='ltr'><strong>leporii.</strong></span> <span class='ocrx_word' id='word_1_233' title='bbox 491 2683 532 2751; x_wconf 79' lang='grc' dir='ltr'><strong>ιε’.</strong></span> <span class='ocrx_word' id='word_1_234' title='bbox 546 2689 733 2768; x_wconf 70' lang='grc' dir='ltr'><strong><em>ἐβασίλευσεν</em></strong></span> <span class='ocrx_word' id='word_1_235' title='bbox 755 2688 894 2768; x_wconf 70' lang='lat' dir='ltr'><strong>Maamip</strong></span> <span class='ocrx_word' id='word_1_236' title='bbox 914 2692 964 2770; x_wconf 80' lang='grc' dir='ltr'><strong>ἔτη</strong></span> <span class='ocrx_word' id='word_1_237' title='bbox 980 2685 1054 2790; x_wconf 56' lang='lat' dir='ltr'><strong>alil</strong></span> <span class='ocrx_word' id='word_1_238' title='bbox 1071 2687 1275 2751; x_wconf 82' lang='lat' dir='ltr'><strong>Praesentibus</strong></span> 
     </span>
     <span class='ocr_line' id='line_1_28' title="bbox 183 2770 1276 2858; baseline 0.002 -25"><span class='ocrx_word' id='word_1_239' title='bbox 183 2771 283 2833; x_wconf 78' lang='lat' dir='ltr'><strong>verbis</strong></span> <span class='ocrx_word' id='word_1_240' title='bbox 298 2772 355 2830; x_wconf 87' lang='lat' dir='ltr'><strong>alia</strong></span> <span class='ocrx_word' id='word_1_241' title='bbox 370 2781 440 2852; x_wconf 88' lang='lat' dir='ltr'><strong>post</strong></span> <span class='ocrx_word' id='word_1_242' title='bbox 460 2793 568 2852; x_wconf 88' lang='lat' dir='ltr'><strong>paucas</strong></span> <span class='ocrx_word' id='word_1_243' title='bbox 587 2773 679 2839; x_wconf 85' lang='lat' dir='ltr'><strong>lineas</strong></span> <span class='ocrx_word' id='word_1_244' title='bbox 696 2775 819 2852; x_wconf 77' lang='lat' dir='ltr'><strong>legenda</strong></span> <span class='ocrx_word' id='word_1_245' title='bbox 836 2777 972 2852; x_wconf 79' lang='lat' dir='ltr'><strong>adiungo.</strong></span> <span class='ocrx_word' id='word_1_246' title='bbox 1015 2798 1094 2836; x_wconf 80' lang='grc' dir='ltr'><strong>ουτω</strong></span> <span class='ocrx_word' id='word_1_247' title='bbox 1113 2771 1170 2858; x_wconf 75' lang='lat' dir='ltr'><strong>peip</strong></span> <span class='ocrx_word' id='word_1_248' title='bbox 1189 2770 1276 2853; x_wconf 77' lang='lat' dir='ltr'><strong>eripe·</strong></span> 
     </span>
     <span class='ocr_line' id='line_1_29' title="bbox 182 2851 1305 2939; baseline 0.002 -21"><span class='ocrx_word' id='word_1_249' title='bbox 182 2851 310 2938; x_wconf 74' lang='grc' dir='ltr'><strong>θήσεται</strong></span> <span class='ocrx_word' id='word_1_250' title='bbox 320 2853 353 2919; x_wconf 75' lang='grc' dir='ltr'><strong>τὸ</strong></span> <span class='ocrx_word' id='word_1_251' title='bbox 367 2851 409 2918; x_wconf 81' lang='grc' dir='ltr'><strong>θ’.</strong></span> <span class='ocrx_word' id='word_1_252' title='bbox 425 2855 489 2931; x_wconf 76' lang='grc' dir='ltr'><strong>ἔτος</strong></span> <span class='ocrx_word' id='word_1_253' title='bbox 500 2861 556 2920; x_wconf 81' lang='grc' dir='ltr'><strong>τοῦ</strong></span> <span class='ocrx_word' id='word_1_254' title='bbox 573 2851 620 2938; x_wconf 80' lang='grc' dir='ltr'><strong>ιη’.</strong></span> <span class='ocrx_word' id='word_1_255' title='bbox 637 2857 687 2919; x_wconf 81' lang='grc' dir='ltr'><strong>καὶ</strong></span> <span class='ocrx_word' id='word_1_256' title='bbox 701 2861 870 2921; x_wconf 80' lang='grc' dir='ltr'><strong><em>τελευταίου</em></strong></span> <span class='ocrx_word' id='word_1_257' title='bbox 885 2857 1027 2939; x_wconf 76' lang='grc' dir='ltr'><strong><em>βασιλέως</em></strong></span> <span class='ocrx_word' id='word_1_258' title='bbox 1048 2862 1108 2920; x_wconf 76' lang='grc' dir='ltr'><strong>τῶν</strong></span> <span class='ocrx_word' id='word_1_259' title='bbox 1124 2856 1151 2921; x_wconf 82' lang='lat' dir='ltr'><strong>s&#39;.</strong></span> <span class='ocrx_word' id='word_1_260' title='bbox 1169 2860 1276 2934; x_wconf 75' lang='grc' dir='ltr'><strong><em>φυλῶν</em></strong></span> <span class='ocrx_word' id='word_1_261' title='bbox 1302 2899 1305 2908; x_wconf 75' lang='lat'><em>‹</em></span> 
     </span>
     <span class='ocr_line' id='line_1_30' title="bbox 181 2935 1275 3026; baseline 0 -22"><span class='ocrx_word' id='word_1_262' title='bbox 181 2935 271 3021; x_wconf 64' lang='grc' dir='ltr'><strong>Ὠσηὲ</strong></span> <span class='ocrx_word' id='word_1_263' title='bbox 286 2945 329 3026; x_wconf 77' lang='grc' dir='ltr'><strong>τῷ</strong></span> <span class='ocrx_word' id='word_1_264' title='bbox 344 2937 377 3012; x_wconf 86' lang='grc' dir='ltr'><strong>ς’.</strong></span> <span class='ocrx_word' id='word_1_265' title='bbox 399 2937 456 3004; x_wconf 78' lang='lat' dir='ltr'><strong>ires</strong></span> <span class='ocrx_word' id='word_1_266' title='bbox 473 2935 603 3016; x_wconf 71' lang='grc' dir='ltr'><strong>Ἐζεκίου</strong></span> <span class='ocrx_word' id='word_1_267' title='bbox 625 2941 768 3022; x_wconf 75' lang='grc' dir='ltr'><strong><em>βασιλέως</em></strong></span> <span class='ocrx_word' id='word_1_268' title='bbox 784 2937 881 3006; x_wconf 80' lang='grc' dir='ltr'><strong>Ἰούδα</strong></span> <span class='ocrx_word' id='word_1_269' title='bbox 899 2940 975 3005; x_wconf 78' lang='lat' dir='ltr'><strong>sasai</strong></span> <span class='ocrx_word' id='word_1_270' title='bbox 991 2941 1047 3024; x_wconf 70' lang='lat' dir='ltr'><strong>sija</strong></span> <span class='ocrx_word' id='word_1_271' title='bbox 1061 2936 1199 3025; x_wconf 74' lang='grc' dir='ltr'><strong>γραφήν·</strong></span> <span class='ocrx_word' id='word_1_272' title='bbox 1221 2940 1275 3005; x_wconf 76' lang='lat' dir='ltr'><strong>acl</strong></span> 
     </span>
     <span class='ocr_line' id='line_1_31' title="bbox 182 3018 1274 3109; baseline -0.002 -21"><span class='ocrx_word' id='word_1_273' title='bbox 182 3019 221 3088; x_wconf 84' lang='lat' dir='ltr'><strong>oti</strong></span> <span class='ocrx_word' id='word_1_274' title='bbox 241 3030 353 3098; x_wconf 75' lang='grc' dir='ltr'><strong><em>καλῶς·</em></strong></span> <span class='ocrx_word' id='word_1_275' title='bbox 375 3018 453 3088; x_wconf 76' lang='grc' dir='ltr'><strong>καθ’</strong></span> <span class='ocrx_word' id='word_1_276' title='bbox 473 3021 492 3090; x_wconf 70' lang='grc' dir='ltr'><strong>δ’</strong></span> <span class='ocrx_word' id='word_1_277' title='bbox 511 3025 633 3108; x_wconf 73' lang='grc' dir='ltr'><strong><em>γὲγονεν</em></strong></span> <span class='ocrx_word' id='word_1_278' title='bbox 645 3025 667 3105; x_wconf 72' lang='lat' dir='ltr'><strong>sl</strong></span> <span class='ocrx_word' id='word_1_279' title='bbox 685 3023 788 3106; x_wconf 77' lang='grc' dir='ltr'><strong><em>πρώτη</em></strong></span> <span class='ocrx_word' id='word_1_280' title='bbox 803 3032 860 3091; x_wconf 80' lang='grc' dir='ltr'><strong>τοῦ</strong></span> <span class='ocrx_word' id='word_1_281' title='bbox 873 3024 986 3109; x_wconf 68' lang='grc' dir='ltr'><strong><em>Ἰσραὴλ</em></strong></span> <span class='ocrx_word' id='word_1_282' title='bbox 998 3029 1192 3107; x_wconf 56' lang='lat' dir='ltr'><strong>«inanimale.</strong></span> <span class='ocrx_word' id='word_1_283' title='bbox 1232 3027 1274 3086; x_wconf 78' lang='lat' dir='ltr'><strong>st</strong></span> 
     </span>
     <span class='ocr_line' id='line_1_32' title="bbox 183 3107 1274 3190; baseline 0.005 -24"><span class='ocrx_word' id='word_1_284' title='bbox 183 3109 319 3187; x_wconf 80' lang='lat' dir='ltr'><strong>quamvis</strong></span> <span class='ocrx_word' id='word_1_285' title='bbox 333 3107 406 3168; x_wconf 88' lang='lat' dir='ltr'><strong>haec</strong></span> <span class='ocrx_word' id='word_1_286' title='bbox 422 3109 593 3188; x_wconf 81' lang='lat' dir='ltr'><strong>Scripturas</strong></span> <span class='ocrx_word' id='word_1_287' title='bbox 607 3111 706 3171; x_wconf 83' lang='lat' dir='ltr'><strong>verbis</strong></span> <span class='ocrx_word' id='word_1_288' title='bbox 719 3114 749 3176; x_wconf 88' lang='grc'><strong>4.</strong></span> <span class='ocrx_word' id='word_1_289' title='bbox 769 3115 882 3188; x_wconf 79' lang='lat' dir='ltr'><strong>ltegum</strong></span> <span class='ocrx_word' id='word_1_290' title='bbox 896 3135 961 3190; x_wconf 86' lang='lat' dir='ltr'><strong>cap.</strong></span> <span class='ocrx_word' id='word_1_291' title='bbox 980 3117 1027 3177; x_wconf 81' lang='lat'><strong>18.</strong></span> <span class='ocrx_word' id='word_1_292' title='bbox 1042 3133 1071 3173; x_wconf 84' lang='lat' dir='ltr'><strong>v.</strong></span> <span class='ocrx_word' id='word_1_293' title='bbox 1088 3117 1137 3177; x_wconf 87' lang='lat'><strong>10.</strong></span> <span class='ocrx_word' id='word_1_294' title='bbox 1151 3131 1274 3172; x_wconf 78' lang='lat' dir='ltr'><strong>consess-</strong></span> 
     </span>
     <span class='ocr_line' id='line_1_33' title="bbox 182 3191 1274 3274; baseline 0.004 -24"><span class='ocrx_word' id='word_1_295' title='bbox 182 3191 276 3266; x_wconf 87' lang='lat' dir='ltr'><strong>tiant,</strong></span> <span class='ocrx_word' id='word_1_296' title='bbox 296 3211 357 3250; x_wconf 87' lang='lat' dir='ltr'><strong>non</strong></span> <span class='ocrx_word' id='word_1_297' title='bbox 372 3191 502 3252; x_wconf 84' lang='lat' dir='ltr'><strong>admittit</strong></span> <span class='ocrx_word' id='word_1_298' title='bbox 518 3192 655 3269; x_wconf 78' lang='lat' dir='ltr'><strong>Aether,</strong></span> <span class='ocrx_word' id='word_1_299' title='bbox 676 3214 733 3252; x_wconf 87' lang='lat' dir='ltr'><strong>ceu</strong></span> <span class='ocrx_word' id='word_1_300' title='bbox 745 3197 797 3271; x_wconf 87' lang='lat' dir='ltr'><strong>qui</strong></span> <span class='ocrx_word' id='word_1_301' title='bbox 813 3196 1027 3274; x_wconf 87' lang='lat' dir='ltr'><strong>Oseaprimum</strong></span> <span class='ocrx_word' id='word_1_302' title='bbox 1041 3204 1071 3253; x_wconf 88' lang='lat' dir='ltr'><strong>et</strong></span> <span class='ocrx_word' id='word_1_303' title='bbox 1083 3194 1183 3254; x_wconf 77' lang='lat' dir='ltr'><strong>Achae</strong></span> <span class='ocrx_word' id='word_1_304' title='bbox 1196 3196 1274 3255; x_wconf 86' lang='lat' dir='ltr'><strong>due-</strong></span> 
     </span>
     <span class='ocr_line' id='line_1_34' title="bbox 183 3274 934 3354; baseline 0.004 -18"><span class='ocrx_word' id='word_1_305' title='bbox 183 3275 331 3336; x_wconf 81' lang='lat' dir='ltr'><strong>decimum</strong></span> <span class='ocrx_word' id='word_1_306' title='bbox 347 3295 441 3335; x_wconf 83' lang='lat' dir='ltr'><strong>anraoa</strong></span> <span class='ocrx_word' id='word_1_307' title='bbox 455 3274 529 3337; x_wconf 86' lang='lat' dir='ltr'><strong>velit</strong></span> <span class='ocrx_word' id='word_1_308' title='bbox 543 3274 723 3336; x_wconf 82' lang='lat' dir='ltr'><strong>adinvicem</strong></span> <span class='ocrx_word' id='word_1_309' title='bbox 739 3279 934 3354; x_wconf 79' lang='lat' dir='ltr'><strong>colligandos.</strong></span> 
     </span>
    </p>

    <p class='ocr_par' dir='ltr' id='par_1_7' title="bbox 178 3353 1273 3780">
     <span class='ocr_line' id='line_1_35' title="bbox 270 3353 1273 3444; baseline 0 -22"><span class='ocrx_word' id='word_1_310' title='bbox 270 3364 334 3423; x_wconf 76' lang='grc' dir='ltr'><strong>Τοῦ</strong></span> <span class='ocrx_word' id='word_1_311' title='bbox 348 3357 381 3423; x_wconf 76' lang='grc' dir='ltr'><strong>δὲ</strong></span> <span class='ocrx_word' id='word_1_312' title='bbox 402 3353 518 3442; x_wconf 77' lang='grc' dir='ltr'>κόσμου</span> <span class='ocrx_word' id='word_1_313' title='bbox 532 3354 646 3444; x_wconf 51' lang='lat' dir='ltr'><strong>plurmi]</strong></span> <span class='ocrx_word' id='word_1_314' title='bbox 667 3362 781 3421; x_wconf 89' lang='lat' dir='ltr'><strong>Sellum</strong></span> <span class='ocrx_word' id='word_1_315' title='bbox 795 3367 913 3441; x_wconf 85' lang='lat' dir='ltr'><strong>excepit</strong></span> <span class='ocrx_word' id='word_1_316' title='bbox 930 3360 1102 3439; x_wconf 64' lang='lat' dir='ltr'><strong>manahem,</strong></span> <span class='ocrx_word' id='word_1_317' title='bbox 1125 3371 1155 3422; x_wconf 92' lang='lat' dir='ltr'><strong>et</strong></span> <span class='ocrx_word' id='word_1_318' title='bbox 1168 3362 1273 3422; x_wconf 88' lang='lat' dir='ltr'><strong>eedem</strong></span> 
     </span>
     <span class='ocr_line' id='line_1_36' title="bbox 181 3445 1273 3528; baseline 0.003 -24"><span class='ocrx_word' id='word_1_319' title='bbox 181 3464 261 3506; x_wconf 85' lang='lat' dir='ltr'><strong>anno</strong></span> <span class='ocrx_word' id='word_1_320' title='bbox 280 3445 417 3523; x_wconf 77' lang='lat' dir='ltr'><strong>regnavit</strong></span> <span class='ocrx_word' id='word_1_321' title='bbox 435 3454 575 3525; x_wconf 83' lang='lat' dir='ltr'><strong>uterque,</strong></span> <span class='ocrx_word' id='word_1_322' title='bbox 601 3445 634 3504; x_wconf 88' lang='lat' dir='ltr'><strong>id</strong></span> <span class='ocrx_word' id='word_1_323' title='bbox 654 3454 698 3504; x_wconf 86' lang='lat' dir='ltr'><strong>est</strong></span> <span class='ocrx_word' id='word_1_324' title='bbox 717 3447 820 3506; x_wconf 88' lang='lat' dir='ltr'><strong>muudi</strong></span> <span class='ocrx_word' id='word_1_325' title='bbox 841 3449 934 3513; x_wconf 82' lang='grc'><strong>4713.</strong></span> <span class='ocrx_word' id='word_1_326' title='bbox 955 3467 993 3506; x_wconf 85' lang='lat' dir='ltr'><strong>ex</strong></span> <span class='ocrx_word' id='word_1_327' title='bbox 1013 3457 1086 3506; x_wconf 88' lang='lat' dir='ltr'><strong>nota</strong></span> <span class='ocrx_word' id='word_1_328' title='bbox 1109 3448 1273 3528; x_wconf 85' lang='lat' dir='ltr'><strong>superiore.</strong></span> 
     </span>
     <span class='ocr_line' id='line_1_37' title="bbox 180 3525 1271 3613; baseline 0.001 -23"><span class='ocrx_word' id='word_1_329' title='bbox 180 3529 351 3590; x_wconf 76' lang='lat' dir='ltr'><strong>Lectionum</strong></span> <span class='ocrx_word' id='word_1_330' title='bbox 363 3525 477 3613; x_wconf 35' lang='lat' dir='ltr'><strong>lisand.</strong></span> <span class='ocrx_word' id='word_1_331' title='bbox 492 3528 654 3589; x_wconf 86' lang='lat' dir='ltr'><strong>tuebuntur</strong></span> <span class='ocrx_word' id='word_1_332' title='bbox 669 3531 721 3609; x_wconf 88' lang='lat' dir='ltr'><strong>qui</strong></span> <span class='ocrx_word' id='word_1_333' title='bbox 736 3540 804 3610; x_wconf 91' lang='lat' dir='ltr'><strong>pest</strong></span> <span class='ocrx_word' id='word_1_334' title='bbox 817 3532 930 3590; x_wconf 88' lang='lat' dir='ltr'><strong>Sallum</strong></span> <span class='ocrx_word' id='word_1_335' title='bbox 946 3533 1121 3608; x_wconf 85' lang='lat' dir='ltr'><strong>duodecim,</strong></span> <span class='ocrx_word' id='word_1_336' title='bbox 1143 3533 1191 3593; x_wconf 82' lang='lat' dir='ltr'><strong>vel</strong></span> <span class='ocrx_word' id='word_1_337' title='bbox 1208 3533 1271 3592; x_wconf 89' lang='lat' dir='ltr'><strong>sal-</strong></span> 
     </span>
     <span class='ocr_line' id='line_1_38' title="bbox 180 3614 1271 3696; baseline 0.005 -22"><span class='ocrx_word' id='word_1_338' title='bbox 180 3623 241 3674; x_wconf 87' lang='lat' dir='ltr'><strong>tem</strong></span> <span class='ocrx_word' id='word_1_339' title='bbox 255 3614 417 3692; x_wconf 79' lang='lat' dir='ltr'><strong>lnterregni</strong></span> <span class='ocrx_word' id='word_1_340' title='bbox 434 3616 536 3676; x_wconf 88' lang='lat' dir='ltr'><strong>decem</strong></span> <span class='ocrx_word' id='word_1_341' title='bbox 548 3634 641 3674; x_wconf 86' lang='lat' dir='ltr'><strong>annos</strong></span> <span class='ocrx_word' id='word_1_342' title='bbox 653 3615 767 3696; x_wconf 86' lang='lat' dir='ltr'><strong>positos</strong></span> <span class='ocrx_word' id='word_1_343' title='bbox 782 3617 897 3679; x_wconf 85' lang='lat' dir='ltr'><strong>volant.</strong></span> <span class='ocrx_word' id='word_1_344' title='bbox 919 3616 993 3679; x_wconf 81' lang='lat' dir='ltr'><strong>vide</strong></span> <span class='ocrx_word' id='word_1_345' title='bbox 1007 3618 1160 3678; x_wconf 77' lang='lat' dir='ltr'><strong>Patavium</strong></span> <span class='ocrx_word' id='word_1_346' title='bbox 1174 3619 1228 3677; x_wconf 87' lang='lat' dir='ltr'><strong>lib.</strong></span> <span class='ocrx_word' id='word_1_347' title='bbox 1240 3621 1271 3683; x_wconf 86' lang='lat'><strong>9.</strong></span> 
     </span>
     <span class='ocr_line' id='line_1_39' title="bbox 178 3697 614 3780; baseline 0.007 -22"><span class='ocrx_word' id='word_1_348' title='bbox 178 3697 219 3758; x_wconf 82' lang='lat' dir='ltr'><strong>de</strong></span> <span class='ocrx_word' id='word_1_349' title='bbox 241 3699 327 3763; x_wconf 88' lang='lat' dir='ltr'><strong>Dect.</strong></span> <span class='ocrx_word' id='word_1_350' title='bbox 349 3699 453 3780; x_wconf 81' lang='lat' dir='ltr'><strong>Temp.</strong></span> <span class='ocrx_word' id='word_1_351' title='bbox 476 3715 540 3778; x_wconf 83' lang='lat' dir='ltr'><strong>cap.</strong></span> <span class='ocrx_word' id='word_1_352' title='bbox 563 3698 614 3766; x_wconf 84' lang='lat'><strong>65.</strong></span> 
     </span>
    </p>

    <p class='ocr_par' dir='ltr' id='par_1_8' title="bbox 181 3775 1273 4012">
     <span class='ocr_line' id='line_1_40' title="bbox 264 3775 1272 3865; baseline -0.005 -19"><span class='ocrx_word' id='word_1_353' title='bbox 264 3776 442 3865; x_wconf 73' lang='grc' dir='ltr'><strong>Ἀφρικανός</strong></span> <span class='ocrx_word' id='word_1_354' title='bbox 462 3781 495 3846; x_wconf 74' lang='lat' dir='ltr'><strong>dl</strong></span> <span class='ocrx_word' id='word_1_355' title='bbox 516 3775 594 3861; x_wconf 77' lang='lat' dir='ltr'><strong>ilde]</strong></span> <span class='ocrx_word' id='word_1_356' title='bbox 628 3781 765 3862; x_wconf 84' lang='lat' dir='ltr'><strong>Sequitur</strong></span> <span class='ocrx_word' id='word_1_357' title='bbox 784 3784 920 3845; x_wconf 80' lang='lat' dir='ltr'><strong>Africani</strong></span> <span class='ocrx_word' id='word_1_358' title='bbox 947 3805 1103 3846; x_wconf 88' lang='lat' dir='ltr'><strong>numerum</strong></span> <span class='ocrx_word' id='word_1_359' title='bbox 1131 3804 1233 3845; x_wconf 81' lang='lat' dir='ltr'><strong>errans</strong></span> <span class='ocrx_word' id='word_1_360' title='bbox 1253 3803 1272 3842; x_wconf 87' lang='lat' dir='ltr'><strong>a</strong></span> 
     </span>
     <span class='ocr_line' id='line_1_41' title="bbox 181 3865 1273 4012; baseline 0.002 -87"><span class='ocrx_word' id='word_1_361' title='bbox 181 3885 274 4012; x_wconf 46' lang='lat' dir='ltr'><strong>{sopp</strong></span> <span class='ocrx_word' id='word_1_362' title='bbox 295 3869 426 3948; x_wconf 79' lang='lat' dir='ltr'><strong>Scaliger</strong></span> <span class='ocrx_word' id='word_1_363' title='bbox 445 3867 543 3950; x_wconf 79' lang='lat' dir='ltr'><strong>pugio.</strong></span> <span class='ocrx_word' id='word_1_364' title='bbox 561 3871 614 3935; x_wconf 80' lang='lat'><strong>38.</strong></span> <span class='ocrx_word' id='word_1_365' title='bbox 642 3865 771 3930; x_wconf 80' lang='lat' dir='ltr'><strong>Eusebio</strong></span> <span class='ocrx_word' id='word_1_366' title='bbox 796 3869 899 3932; x_wconf 87' lang='lat' dir='ltr'><strong>decem</strong></span> <span class='ocrx_word' id='word_1_367' title='bbox 920 3890 1015 3932; x_wconf 84' lang='lat' dir='ltr'><strong>anuos</strong></span> <span class='ocrx_word' id='word_1_368' title='bbox 1034 3867 1190 3930; x_wconf 83' lang='lat' dir='ltr'><strong>Manabsm</strong></span> <span class='ocrx_word' id='word_1_369' title='bbox 1210 3867 1273 3929; x_wconf 88' lang='lat' dir='ltr'><strong>tri·</strong></span> 
     </span>
    </p>

    <p class='ocr_par' dir='ltr' id='par_1_9' title="bbox 203 3969 379 4011">
     <span class='ocr_line' id='line_1_42' title="bbox 203 3969 379 4011; baseline -0.006 0"><span class='ocrx_word' id='word_1_370' title='bbox 203 3969 260 4011; x_wconf 82' lang='lat' dir='ltr'><strong>usn</strong></span> <span class='ocrx_word' id='word_1_371' title='bbox 274 3971 299 4010; x_wconf 87' lang='lat' dir='ltr'><strong>e.</strong></span> <span class='ocrx_word' id='word_1_372' title='bbox 377 3976 379 3978; x_wconf 93' lang='lat'>·</span> 
     </span>
    </p>

    <p class='ocr_par' dir='ltr' id='par_1_10' title="bbox 179 4027 1271 4289">
     <span class='ocr_line' id='line_1_43' title="bbox 269 4027 1271 4121; baseline -0.001 -24"><span class='ocrx_word' id='word_1_373' title='bbox 269 4039 332 4098; x_wconf 75' lang='grc' dir='ltr'><strong>Τοῦ</strong></span> <span class='ocrx_word' id='word_1_374' title='bbox 346 4031 379 4098; x_wconf 76' lang='lat' dir='ltr'><strong>di</strong></span> <span class='ocrx_word' id='word_1_375' title='bbox 389 4027 502 4117; x_wconf 75' lang='grc' dir='ltr'><strong><em>κόσμου</em></strong></span> <span class='ocrx_word' id='word_1_376' title='bbox 516 4029 635 4121; x_wconf 61' lang='grc' dir='ltr'><strong>,δψκγ’.]</strong></span> <span class='ocrx_word' id='word_1_377' title='bbox 656 4035 745 4098; x_wconf 72' lang='lat' dir='ltr'><strong>Anno</strong></span> <span class='ocrx_word' id='word_1_378' title='bbox 760 4058 777 4096; x_wconf 84' lang='lat' dir='ltr'><strong>a</strong></span> <span class='ocrx_word' id='word_1_379' title='bbox 792 4037 896 4099; x_wconf 88' lang='lat' dir='ltr'><strong>mundi</strong></span> <span class='ocrx_word' id='word_1_380' title='bbox 915 4038 1041 4099; x_wconf 86' lang='lat' dir='ltr'><strong>conditu</strong></span> <span class='ocrx_word' id='word_1_381' title='bbox 1055 4040 1149 4104; x_wconf 79' lang='grc'><strong>4718.</strong></span> <span class='ocrx_word' id='word_1_382' title='bbox 1163 4045 1271 4116; x_wconf 86' lang='lat' dir='ltr'><strong>tyran·</strong></span> 
     </span>
     <span class='ocr_line' id='line_1_44' title="bbox 179 4116 1269 4204; baseline 0.006 -26"><span class='ocrx_word' id='word_1_383' title='bbox 179 4116 396 4180; x_wconf 87' lang='lat' dir='ltr'><strong>uidemdecem</strong></span> <span class='ocrx_word' id='word_1_384' title='bbox 410 4121 496 4180; x_wconf 86' lang='lat' dir='ltr'><strong>annis</strong></span> <span class='ocrx_word' id='word_1_385' title='bbox 514 4122 621 4182; x_wconf 88' lang='lat' dir='ltr'><strong>deiude</strong></span> <span class='ocrx_word' id='word_1_386' title='bbox 637 4123 842 4204; x_wconf 85' lang='lat' dir='ltr'><strong>occupandam</strong></span> <span class='ocrx_word' id='word_1_387' title='bbox 855 4121 981 4204; x_wconf 83' lang='lat' dir='ltr'><strong>arripuit</strong></span> <span class='ocrx_word' id='word_1_388' title='bbox 994 4120 1165 4183; x_wconf 83' lang='lat' dir='ltr'><strong>ldanahem:</strong></span> <span class='ocrx_word' id='word_1_389' title='bbox 1187 4121 1269 4184; x_wconf 80' lang='lat' dir='ltr'><strong>ttius</strong></span> 
     </span>
     <span class='ocr_line' id='line_1_45' title="bbox 179 4203 1214 4289; baseline 0.007 -26"><span class='ocrx_word' id='word_1_390' title='bbox 179 4203 280 4283; x_wconf 84' lang='lat' dir='ltr'><strong>itaque</strong></span> <span class='ocrx_word' id='word_1_391' title='bbox 297 4203 451 4264; x_wconf 84' lang='lat' dir='ltr'><strong>Phacesias</strong></span> <span class='ocrx_word' id='word_1_392' title='bbox 462 4205 520 4265; x_wconf 82' lang='lat' dir='ltr'><strong>iam</strong></span> <span class='ocrx_word' id='word_1_393' title='bbox 533 4228 551 4265; x_wconf 90' lang='lat' dir='ltr'><strong>a</strong></span> <span class='ocrx_word' id='word_1_394' title='bbox 566 4207 659 4275; x_wconf 79' lang='lat'><strong>4728.</strong></span> <span class='ocrx_word' id='word_1_395' title='bbox 673 4207 711 4266; x_wconf 86' lang='lat' dir='ltr'><strong>ad</strong></span> <span class='ocrx_word' id='word_1_396' title='bbox 728 4217 886 4289; x_wconf 87' lang='lat' dir='ltr'><strong>paternum</strong></span> <span class='ocrx_word' id='word_1_397' title='bbox 899 4207 1009 4268; x_wconf 89' lang='lat' dir='ltr'><strong>solium</strong></span> <span class='ocrx_word' id='word_1_398' title='bbox 1024 4216 1147 4268; x_wconf 83' lang='lat' dir='ltr'><strong>vocatae</strong></span> <span class='ocrx_word' id='word_1_399' title='bbox 1161 4215 1214 4270; x_wconf 85' lang='lat' dir='ltr'><strong>est.</strong></span> 
     </span>
    </p>

    <p class='ocr_par' dir='ltr' id='par_1_11' title="bbox 178 4283 1269 4456">
     <span class='ocr_line' id='line_1_46' title="bbox 267 4283 1269 4376; baseline 0.005 -26"><span class='ocrx_word' id='word_1_400' title='bbox 267 4291 332 4350; x_wconf 80' lang='grc' dir='ltr'><strong>Τοῦ</strong></span> <span class='ocrx_word' id='word_1_401' title='bbox 347 4285 381 4350; x_wconf 76' lang='lat' dir='ltr'><strong>dl</strong></span> <span class='ocrx_word' id='word_1_402' title='bbox 399 4283 509 4368; x_wconf 75' lang='grc' dir='ltr'><strong>κόσμου</strong></span> <span class='ocrx_word' id='word_1_403' title='bbox 522 4288 639 4376; x_wconf 58' lang='lat' dir='ltr'><strong>pant]</strong></span> <span class='ocrx_word' id='word_1_404' title='bbox 664 4293 802 4352; x_wconf 83' lang='lat' dir='ltr'><strong>Praesens</strong></span> <span class='ocrx_word' id='word_1_405' title='bbox 816 4292 963 4356; x_wconf 79' lang='lat' dir='ltr'><strong>correctio</strong></span> <span class='ocrx_word' id='word_1_406' title='bbox 982 4291 1211 4375; x_wconf 69' lang='lat' dir='ltr'><strong>praecedentes,</strong></span> <span class='ocrx_word' id='word_1_407' title='bbox 1232 4299 1269 4355; x_wconf 78' lang='lat' dir='ltr'><strong>ut</strong></span> 
     </span>
     <span class='ocr_line' id='line_1_47' title="bbox 178 4371 819 4456; baseline 0.008 -23"><span class='ocrx_word' id='word_1_408' title='bbox 178 4378 282 4434; x_wconf 80' lang='lat' dir='ltr'><strong>textus</strong></span> <span class='ocrx_word' id='word_1_409' title='bbox 296 4391 382 4434; x_wconf 82' lang='lat' dir='ltr'><strong>error</strong></span> <span class='ocrx_word' id='word_1_410' title='bbox 396 4371 471 4434; x_wconf 84' lang='lat' dir='ltr'><strong>alios</strong></span> <span class='ocrx_word' id='word_1_411' title='bbox 482 4385 660 4452; x_wconf 72' lang='lat' dir='ltr'><strong>praesumta·</strong></span> <span class='ocrx_word' id='word_1_412' title='bbox 673 4377 819 4456; x_wconf 82' lang='lat' dir='ltr'><strong>sequitur.</strong></span> 
     </span>
    </p>
   </div>
   <div class='ocr_carea' id='block_1_3' title="bbox 0 0 1560 4959">
    <p class='ocr_par' dir='ltr' id='par_1_12' title="bbox 0 0 1560 4959">
     <span class='ocr_line' id='line_1_48' title="bbox 0 0 1560 4959; baseline 0 2"><span class='ocrx_word' id='word_1_413' title='bbox 0 0 1560 4959; x_wconf 95' lang='lat' dir='ltr'><strong> </strong></span> 
     </span>
    </p>
   </div>
  </div>
 </body>
</html>
