3109 4959
275 429 353 510 454
642 441 992 512 ΕΜΕΝΒΑΤῙΟΝΕΒ

275 600 383 688 111111,
403 618 532 663 errorem
545 599 669 683 perinde
688 597 941 679 exprobraturus,
961 598 1080 660 incusat
1098 600 1249 680 Scaliger?
1271 601 1370 682 Caput

276 685 474 746 accusationis
489 695 533 746 est
540 685 651 765 ,quod
665 705 769 765 regum
784 683 975 764 Assyriorum
989 705 1145 744 nurnerum
1163 696 1193 745 et
1205 707 1299 746 ιιιιιοι
1318 687 1371 746 de-

275 769 445 851 scripturus
468 770 614 832 Eusebius
636 769 772 830 Africani
793 769 940 831 laterculo
967 769 1057 829 suerit
1076 790 1163 828 usus:
1194 772 1372 830 Africanum

276 874 367 936 porro
387 875 468 933 reges
487 856 539 922 41.
568 864 774 916 numerantem
798 854 907 914 deserit
934 853 1095 926 Eusebius,
1125 862 1156 913 et
1177 871 1215 912 ex
1235 855 1371 915 Africani

276 939 362 1018 albo,
383 960 458 1020 quos
469 940 554 1014 vult,
573 939 690 1018 regibus
709 938 886 1019 expunctis,
907 939 987 997 solos
1011 941 1062 1005 36.
1080 947 1231 1015 recenset,
1252 949 1282 998 et
1301 959 1372 1019 per.

274 1022 346 1084 iude
371 1035 513 1104 sequutus
534 1025 725 1096 Africanum,
752 1020 888 1084 Africani
908 1022 1018 1083 deserit
1036 1022 1258 1084 authoritatem.
1299 1026 1371 1098 Quo

274 1117 366 1185 teste,
387 1129 447 1190 quo
468 1109 559 1170 nixus
572 1108 719 1183 authore,
741 1127 781 1168 ex
802 1107 935 1168 Africani
955 1108 1154 1167 monumentis
1176 1107 1371 1186 Assyriorum

273 1211 376 1272 regum
400 1193 579 1273 diagramma
603 1194 758 1272 digessisse
784 1193 945 1252 Eusebium
968 1192 1101 1270 Scaliger
1127 1193 1279 1251 asseruit'l
1311 1192 1372 1252 Ubi

273 1276 409 1339 Africani
420 1278 620 1339 laterculum‘l
643 1278 778 1336 Contulit
794 1297 863 1336 cum
877 1276 996 1335 Eusehii
1016 1276 1240 1356 diagrammate,
1262 1287 1298 1336 ut
1311 1275 1373 1336 laoc

273 1381 313 1422 ex
329 1362 388 1421 slio
405 1361 569 1423 deductum
580 1362 755 1422 attestetur?
775 1361 821 1420 Ita
834 1361 980 1431 coniecit‚'
996 1360 1039 1420 ita
1059 1362 1183 1440 placuit.
1225 1365 1266 1420 At
1279 1381 1372 1441 quam

273 1446 407 1507 incertus
421 1447 524 1522 testis,
546 1455 576 1506 et
590 1465 732 1526 praeceps
746 1445 840 1505 iudex
854 1446 1032 1505 seutentiam
1047 1447 1154 1506 tulerit
1174 1446 1276 1526 paucis
1295 1448 1375 1506 edos

276 1539 324 1590 cet
342 1540 443 1591 noster
464 1531 626 1609 Georgius,
649 1531 700 1611 qui
721 1551 784 1590 non
798 1530 950 1606 Africani,
974 1531 1027 1589 sed
1043 1531 1179 1590 Castoris
1190 1531 1373 1591 authoritate

272 1614 353 1675 solos
371 1616 423 1682 36.
447 1614 636 1718 Assyriorum
661 1635 745 1694 reges
773 1616 958 1675 recensuisse
980 1614 1029 1674 his
1049 1615 1150 1674 verbis
1169 1615 1308 1676 affirmat.
1350 1615 1373 1680 d

271 1697 463 1802 Εὐσέβιος
435 1722 476 1762 τοι
465 1694 626 1781 ’Κάστορι
640 1705 754 1780 μᾶλλον
768 1695 1001 1777 ἅκολουθήσιις,
1023 1692 1062 1762 osl
1073 1699 1124 1761 xci
1135 1695 1192 1777 τὴν
1204 1701 1372 1804 popiuplor
1394 1753 1398 1759 .

271 1778 450 1886 προήγαγεν.
455 1763 568 1890 liegii
583 1785 686 1844 saltem
693 1786 863 1889 marginem
878 1784 1294 1864 animadvertissetScaliger,
1322 1781 1372 1848 ὅτι

270 1891 313 1952 τοι
298 1862 459 1950 Κάστορι
473 1862 639 1932 1111111111
650 1863 812 1950 Εὕσὲβιος.
854 1866 949 1929 flacc
948 1867 1062 1949 pariter
1077 1889 1101 1928 ιι
1093 1869 1302 1929 observasset
1314 1872 1371 1929 Pe-

271 1953 372 2012 tarius
390 1953 442 2013 lib.
468 1959 499 2020 9.
524 1954 562 2014 de
587 1955 671 2014 lloct.
692 1955 795 2036 Temp.
814 1973 880 2033 cap.
905 1961 955 2020 12.
974 1954 1090 2013 diversa
1115 1955 1245 2034 penitus
1257 1955 1346 2013 tela'
1337 1974 1371 2012 ιιι

270 2037 450 2115 Scaligerum
471 2038 674 2098 adversarium
693 2039 895 2099 contorsisset.
939 2039 1045 2096 Castor
1065 2059 1156 2116 porro
1177 2047 1371 2112 memoratus,

269 2121 455 2196 1113111111,
485 2118 690 2204 φιλορώμαιος
713 2123 903 2202 cognomine,
935 2124 973 2183 de
994 2123 1161 2200 Babylone,
1187 2131 1217 2180 et
1238 2123 1277 2180 iis
1284 2165 1294 2198 ,
1317 2122 1372 2200 qui

269 2207 360 2267 maris
378 2207 603 2270 obtinuerunt'
593 2209 770 2288 imperium,
802 2207 966 2268 chronicus
988 2225 1120 2280 mores,
1148 2213 1179 2264 11
1200 2205 1259 2263 alia
1275 2206 1372 2266 edidit

270 2293 480 2353 commentans
487 2337 497 2370 ,
518 2294 556 2353 de
578 2293 686 2374 qmbus
704 2293 828 2368 Suidas,
849 2301 880 2351 et
901 2289 1048 2350 Eusebius
1072 2289 1112 2348 ad
1132 2308 1244 2349 annum
1273 2292 1372 2350 Absa-

269 2373 326 2435 bre
347 2380 419 2441 881.

355 2459 424 2535 Pet
445 2452 804 2546 lothariensem
816 2460 922 2540 τριχῶς
940 2463 1047 2536 mpod
1046 2455 1131 2539 ἐ.οιι]
1152 2459 1188 2519 ln
1201 2457 1276 2519 haee
1292 2462 1370 2521 Sca-

271 2541 348 2619 liger
362 2542 520 2610 Animadr.
542 2562 608 2622 pag.
631 2544 702 2610 254.
745 2541 871 2604 Acriter
890 2563 959 2601 oum
972 2544 1105 2603 Eusebio
1122 2544 1267 2625 Georgius
1281 2566 1370 2623 espo-

270 2627 387 2701 stulat,
408 2625 492 2706 quod
503 2631 671 2707 propositis
689 2628 791 2687 tribus
810 2625 1013 2704 editionibus,
1038 2631 1158 2688 Graeca
1175 2636 1228 2696 70.
1273 2629 1372 2688 Inter-

265 2722 401 2792 pretam,
420 2711 576 2772 Hebraico
592 2711 790 2789 Iudaeorum,
805 2714 964 2772 Hebraico
979 2717 1227 2788 Samaritarum,
1249 2715 1372 2772 nullum

270 2806 373 2855 tamen
384 2817 491 2854 earum
501 2799 649 2876 sequitur.
691 2801 853 2861 Praeterea
868 2797 953 2876 quod
965 2819 1049 2875 reges
1062 2799 1264 2874 Assyriorum
1277 2802 1371 2856 nauti.

270 2880 397 2951 laverit,
424 2891 459 2936 ut
476 2884 608 2937 rationes
622 2901 699 2938 suar
712 2892 864 2959 aequarat.
885 2881 967 2939 llaec
980 2883 1031 2939 ille
1048 2881 1210 2958 Georgium
1227 2883 1370 2960 reserens,

269 2981 327 3023 uec
342 2962 500 3022 Eusebium
515 2983 531 3020 1
546 2964 671 3039 Georgia
688 2964 860 3022 damnatum
884 2965 925 3022 ab‘
939 2965 1174 3024 hallucinatione
1196 2968 1369 3031 vendicans.

269 3047 351 3128 ldem
365 3047 521 3108 Arsinnadv.
533 3067 600 3128 pag.
616 3049 668 3114 35.
683 3048 843 3121 Eusebiani
862 3050 996 3129 consputi
1010 3050 1047 3108 ah
1061 3051 1130 3109 aliis
1143 3049 1370 3130 chronologicis

268 3133 301 3193 iu
314 3153 411 3192 annos
425 3132 465 3190 ab
477 3153 510 3190 eu
524 3134 650 3190 omissus
660 3145 786 3212 propter
803 3137 928 3195 Kui'miu
946 3131 1105 3214 desinaus,
1127 3148 1156 3194 et
1171 3139 1255 3195 alias
1270 3141 1369 3196 ratio-

269 3237 339 3290 nes,
368 3238 448 3297 qreas
464 3215 609 3296 producit
639 3219 790 3297 Georgius
811 3217 911 3278 reiicit
932 3218 1145 3302 differentiam.
1181 3224 1369 3280 Praeterieris

269 3303 348 3361 enim
367 3302 486 3361 Cornan
501 3302 649 3376 alterum,
671 3306 727 3383 qui
738 3304 854 3382 legitur
867 3307 947 3363 inter
956 3316 1092 3378 posterus
1108 3307 1172 3366 Nus
1188 3309 1222 3364 iu
1237 3306 1370 3364 editione

269 3391 324 3452 70.
345 3388 512 3446 Saniorum.
554 3385 663 3465 Itaque
690 3399 734 3445 est
756 3384 909 3468 oiloysusiu
952 3391 1108 3449 amiliaris
1132 3391 1285 3457 Eusebio,
1313 3394 1369 3467 qui

270 3490 330 3530 non
345 3473 513 3529 meminerit
529 3491 560 3529 ss
578 3473 715 3531 omisisse
735 3474 826 3530 illum
845 3470 980 3549 Gaiana,
1002 3486 1030 3533 st
1051 3487 1154 3534 tamen
1168 3474 1248 3585 dicit
1261 3495 1368 3532 securr-

271 3551 345 3614 dum
362 3561 413 3622 70.
433 3556 609 3658 Interpretes
623 3577 783 3616 numerum
798 3560 846 3614 ita
858 3558 975 3617 habere

356 3634 644 3721 Osiroriunpsidnlor
657 3637 724 3720 οτι]
747 3642 878 3719 Scaliger
892 3643 1047 3703 Animudr.
1063 3663 1128 3722 pag.
1102 3642 1198 3710 ⁴⁷14.
1235 3587 1367 3702 Vsdedat

270 3717 439 3817 (Eusebius)
458 3724 540 3784 Ιιιιιιι
553 3727 624 3802 fise
642 3729 777 3786 omnium
796 3729 978 3805 scripturum
993 3748 1170 3786 consensum
1183 3748 1259 3803 esse,
1284 3728 1366 3788 Teu-

270 3816 378 3880 tamn,
406 3810 468 3864 site
494 3810 658 3867 Teutamou
679 3815 730 3877 27.
759 3810 960 3888 Assyriorum
980 3832 1078 3889 regem
1097 3815 1255 3890 suppetias
1273 3816 1366 3873 iussae

269 3893 427 3965 Ρνὶαιιιος
437 3902 464 3948 et
477 3901 577 3950 tamen
590 3893 668 3950 ah'
640 3915 706 3951 ιιιιι
718 3896 807 3952 initio
820 3893 867 3952 ad
878 3893 1029 3953 excidium
1042 3895 1153 3954 Troiae
1166 3897 1364 3957 intervallum

269 3996 332 4034 esse
355 3975 427 4043 240.
449 3995 485 4033 ιιι
509 3974 750 4035 dinumeratione
773 3977 930 4054 Africani.
975 3978 1131 4057 Quomodo
1152 3984 1252 4060 igitur
1276 3995 1363 4040 tanto

267 4059 515 4123 Anachromsmo
532 4071 698 4118 occurreret
719 4061 818 4118 aliam
837 4065 921 4120 riam
940 4084 1002 4120 ιιοιι
1023 4069 1146 4142 reperit,
1169 4070 1313 4145 quamsi
1332 4067 1362 4130 4.

271 4167 370 4226 reges,
394 4167 449 4226 qus
444 4148 530 4225 post
547 4147 577 4202 Ι
573 4156 702 4203 ιιι1αιιιιι
713 4157 897 4223 regnarunt,
920 4160 1106 4227 expungeret
1127 4161 1162 4207 et
1168 4156 1214 4209 ita
1229 4164 1363 4248 tempora

275 4232 406 4304 diciano
420 4253 512 4312 reguo
537 4231 681 4289 terranis
694 4228 940 4288 accommodaret.
983 4233 1067 4291 Ηιιιο
1087 4217 1200 4292 accidit
1215 4240 1362 4312 primum,

271 4325 306 4370 ut
330 4335 446 4373 annium
468 4317 545 4374 Νἰιιί
567 4314 619 4380 43.
641 4334 701 4392 qtro
723 4314 885 4373 Abraham
910 4327 1017 4376 natum
1038 4308 1099 4377 sibi
1112 4323 1270 4398 persuasit
1291 4318 1362 4382 243.

270 4401 361 4457 annis
370 4402 565 4478 posteriorem
571 4400 699 4476 saciat:
715 4396 823 4459 deinde
840 4411 875 4458 ut
884 4421 943 4480 pru
957 4403 1006 4470 41.
1021 4404 1146 4484 regibus
1165 4402 1363 4463 Asarriorum
