<?xml version="1.0" encoding="UTF-8"?>
<!DOCTYPE html PUBLIC "-//W3C//DTD XHTML 1.0 Transitional//EN"
    "http://www.w3.org/TR/xhtml1/DTD/xhtml1-transitional.dtd">
<html xmlns="http://www.w3.org/1999/xhtml" xml:lang="en" lang="en">
 <head>
  <title>
</title>
<meta http-equiv="Content-Type" content="text/html;charset=utf-8" />
  <meta name='ocr-system' content='tesseract 3.04.00' />
  <meta name='ocr-capabilities' content='ocr_page ocr_carea ocr_par ocr_line ocrx_word'/>
</head>
<body>
  <div class='ocr_page' id='page_1' title='image "./corpusscriptoru33theogoog_0017.png"; bbox 0 0 3109 4959; ppageno 0'>
   <div class='ocr_carea' id='block_1_1' title="bbox 593 372 1292 467">
    <p class='ocr_par' dir='ltr' id='par_1_1' title="bbox 593 372 1292 467">
     <span class='ocr_line' id='line_1_1' title="bbox 593 372 1292 467; baseline -0.004 -2"><span class='ocrx_word' id='word_1_1' title='bbox 593 394 892 467; x_wconf 79' lang='lat' dir='ltr'><strong>urssuararro.</strong></span> <span class='ocrx_word' id='word_1_2' title='bbox 1082 372 1088 375; x_wconf 79' lang='grc'><strong>’</strong></span> <span class='ocrx_word' id='word_1_3' title='bbox 1267 390 1292 462; x_wconf 85' lang='lat' dir='ltr'><strong>s</strong></span> 
     </span>
    </p>
   </div>
   <div class='ocr_carea' id='block_1_2' title="bbox 186 555 1390 3870">
    <p class='ocr_par' dir='ltr' id='par_1_2' title="bbox 204 555 1294 892">
     <span class='ocr_line' id='line_1_2' title="bbox 208 555 1293 637; baseline 0 -18"><span class='ocrx_word' id='word_1_4' title='bbox 208 556 314 636; x_wconf 83' lang='lat' dir='ltr'><strong>viginti</strong></span> <span class='ocrx_word' id='word_1_5' title='bbox 328 576 420 615; x_wconf 89' lang='lat' dir='ltr'><strong>annos</strong></span> <span class='ocrx_word' id='word_1_6' title='bbox 441 556 550 617; x_wconf 83' lang='lat' dir='ltr'><strong>vixerit</strong></span> <span class='ocrx_word' id='word_1_7' title='bbox 568 555 753 635; x_wconf 62' lang='lat' dir='ltr'><strong>manereque</strong></span> <span class='ocrx_word' id='word_1_8' title='bbox 768 572 846 615; x_wconf 88' lang='lat' dir='ltr'><strong>anno</strong></span> <span class='ocrx_word' id='word_1_9' title='bbox 860 556 1036 633; x_wconf 80' lang='lat' dir='ltr'><strong>octagesimo</strong></span> <span class='ocrx_word' id='word_1_10' title='bbox 1047 557 1127 619; x_wconf 79' lang='lat' dir='ltr'><strong>vitae</strong></span> <span class='ocrx_word' id='word_1_11' title='bbox 1139 555 1293 637; x_wconf 77' lang='lat' dir='ltr'><strong>floruerit,</strong></span> 
     </span>
     <span class='ocr_line' id='line_1_3' title="bbox 207 640 1294 723; baseline -0.003 -22"><span class='ocrx_word' id='word_1_12' title='bbox 207 644 269 701; x_wconf 90' lang='lat' dir='ltr'><strong>sine</strong></span> <span class='ocrx_word' id='word_1_13' title='bbox 289 662 387 703; x_wconf 89' lang='lat' dir='ltr'><strong>errore</strong></span> <span class='ocrx_word' id='word_1_14' title='bbox 401 642 546 701; x_wconf 81' lang='lat' dir='ltr'>Eusebius</span> <span class='ocrx_word' id='word_1_15' title='bbox 562 643 691 702; x_wconf 89' lang='lat' dir='ltr'><strong>scribere</strong></span> <span class='ocrx_word' id='word_1_16' title='bbox 705 641 820 721; x_wconf 84' lang='lat' dir='ltr'><strong>potuit:</strong></span> <span class='ocrx_word' id='word_1_17' title='bbox 842 640 875 697; x_wconf 85' lang='lat' dir='ltr'><strong>Si</strong></span> <span class='ocrx_word' id='word_1_18' title='bbox 889 661 906 698; x_wconf 87' lang='lat' dir='ltr'><strong>a</strong></span> <span class='ocrx_word' id='word_1_19' title='bbox 921 649 1052 720; x_wconf 89' lang='lat' dir='ltr'><strong>tempore</strong></span> <span class='ocrx_word' id='word_1_20' title='bbox 1063 644 1110 701; x_wconf 91' lang='lat' dir='ltr'><strong>llii</strong></span> <span class='ocrx_word' id='word_1_21' title='bbox 1123 645 1203 723; x_wconf 86' lang='lat' dir='ltr'><strong>capti</strong></span> <span class='ocrx_word' id='word_1_22' title='bbox 1221 666 1294 723; x_wconf 86' lang='lat' dir='ltr'><strong>qua.</strong></span> 
     </span>
     <span class='ocr_line' id='line_1_4' title="bbox 207 725 1293 810; baseline 0.003 -24"><span class='ocrx_word' id='word_1_23' title='bbox 207 727 377 805; x_wconf 84' lang='lat' dir='ltr'><strong>dringcntos</strong></span> <span class='ocrx_word' id='word_1_24' title='bbox 402 748 494 785; x_wconf 86' lang='lat' dir='ltr'><strong>annos</strong></span> <span class='ocrx_word' id='word_1_25' title='bbox 516 748 633 787; x_wconf 88' lang='lat' dir='ltr'><strong>sursum</strong></span> <span class='ocrx_word' id='word_1_26' title='bbox 654 746 759 785; x_wconf 87' lang='lat' dir='ltr'><strong>versas</strong></span> <span class='ocrx_word' id='word_1_27' title='bbox 779 725 997 802; x_wconf 79' lang='lat' dir='ltr'>numeraveris,</span> <span class='ocrx_word' id='word_1_28' title='bbox 1019 726 1120 787; x_wconf 89' lang='lat' dir='ltr'><strong>Mosen</strong></span> <span class='ocrx_word' id='word_1_29' title='bbox 1136 728 1217 810; x_wconf 87' lang='lat' dir='ltr'><strong>apud</strong></span> <span class='ocrx_word' id='word_1_30' title='bbox 1231 730 1293 789; x_wconf 77' lang='lat' dir='ltr'><strong>tte-</strong></span> 
     </span>
     <span class='ocr_line' id='line_1_5' title="bbox 204 810 898 892; baseline -0.003 -21"><span class='ocrx_word' id='word_1_31' title='bbox 204 811 322 887; x_wconf 82' lang='lat' dir='ltr'><strong>braeos,</strong></span> <span class='ocrx_word' id='word_1_32' title='bbox 342 812 422 892; x_wconf 86' lang='lat' dir='ltr'><strong>spud</strong></span> <span class='ocrx_word' id='word_1_33' title='bbox 435 813 563 871; x_wconf 86' lang='lat' dir='ltr'><strong>Graecos</strong></span> <span class='ocrx_word' id='word_1_34' title='bbox 578 814 739 889; x_wconf 82' lang='lat' dir='ltr'><strong>Cecropem</strong></span> <span class='ocrx_word' id='word_1_35' title='bbox 758 810 898 889; x_wconf 86' lang='lat' dir='ltr'><strong>reperies.</strong></span> 
     </span>
    </p>

    <p class='ocr_par' dir='ltr' id='par_1_3' title="bbox 186 892 1390 2416">
     <span class='ocr_line' id='line_1_6' title="bbox 284 892 1294 978; baseline 0.004 -23"><span class='ocrx_word' id='word_1_36' title='bbox 284 896 367 956; x_wconf 90' lang='lat' dir='ltr'><strong>Idem</strong></span> <span class='ocrx_word' id='word_1_37' title='bbox 395 916 490 955; x_wconf 88' lang='lat' dir='ltr'><strong>annus</strong></span> <span class='ocrx_word' id='word_1_38' title='bbox 518 896 623 954; x_wconf 87' lang='lat' dir='ltr'><strong>mundi</strong></span> <span class='ocrx_word' id='word_1_39' title='bbox 647 894 826 956; x_wconf 86' lang='lat' dir='ltr'><strong>Eusebianas</strong></span> <span class='ocrx_word' id='word_1_40' title='bbox 852 892 1003 971; x_wconf 80' lang='lat' dir='ltr'>colligitur</span> <span class='ocrx_word' id='word_1_41' title='bbox 1023 912 1040 949; x_wconf 93' lang='lat' dir='ltr'><strong>e</strong></span> <span class='ocrx_word' id='word_1_42' title='bbox 1059 893 1294 978; x_wconf 75' lang='lat' dir='ltr'>chronographia</span> 
     </span>
     <span class='ocr_line' id='line_1_7' title="bbox 203 977 1294 1076; baseline -0.001 -36"><span class='ocrx_word' id='word_1_43' title='bbox 203 980 324 1076; x_wconf 76' lang='lat' dir='ltr'><strong>Georgii</strong></span> <span class='ocrx_word' id='word_1_44' title='bbox 340 982 471 1061; x_wconf 79' lang='lat' dir='ltr'><strong>syncelli</strong></span> <span class='ocrx_word' id='word_1_45' title='bbox 488 1000 552 1058; x_wconf 82' lang='lat' dir='ltr'><strong>pag.</strong></span> <span class='ocrx_word' id='word_1_46' title='bbox 567 984 647 1045; x_wconf 83' lang='grc'><strong>326.</strong></span> <span class='ocrx_word' id='word_1_47' title='bbox 668 978 860 1059; x_wconf 76' lang='lat' dir='ltr'><strong>reprehendit</strong></span> <span class='ocrx_word' id='word_1_48' title='bbox 872 1000 951 1037; x_wconf 88' lang='lat' dir='ltr'><strong>enrm</strong></span> <span class='ocrx_word' id='word_1_49' title='bbox 966 977 1121 1037; x_wconf 82' lang='lat' dir='ltr'><strong>Eusebium</strong></span> <span class='ocrx_word' id='word_1_50' title='bbox 1130 986 1241 1059; x_wconf 86' lang='lat' dir='ltr'><strong>,quod</strong></span> <span class='ocrx_word' id='word_1_51' title='bbox 1256 985 1294 1043; x_wconf 81' lang='lat' dir='ltr'><strong>ab</strong></span> 
     </span>
     <span class='ocr_line' id='line_1_8' title="bbox 202 1042 1390 1141; baseline 0.002 -15"><span class='ocrx_word' id='word_1_52' title='bbox 202 1042 318 1127; x_wconf 77' lang='lat' dir='ltr'><strong>Adamti</strong></span> <span class='ocrx_word' id='word_1_53' title='bbox 339 1068 377 1125; x_wconf 91' lang='lat' dir='ltr'><strong>ad</strong></span> <span class='ocrx_word' id='word_1_54' title='bbox 390 1063 539 1124; x_wconf 80' lang='lat' dir='ltr'><strong>Abraham</strong></span> <span class='ocrx_word' id='word_1_55' title='bbox 553 1084 615 1123; x_wconf 80' lang='lat' dir='ltr'><strong>aton</strong></span> <span class='ocrx_word' id='word_1_56' title='bbox 628 1068 729 1138; x_wconf 85' lang='grc'><strong>3312,</strong></span> <span class='ocrx_word' id='word_1_57' title='bbox 752 1062 806 1122; x_wconf 86' lang='lat' dir='ltr'><strong>scd</strong></span> <span class='ocrx_word' id='word_1_58' title='bbox 819 1065 919 1138; x_wconf 84' lang='grc'><strong>3184,</strong></span> <span class='ocrx_word' id='word_1_59' title='bbox 940 1071 1027 1141; x_wconf 87' lang='lat' dir='ltr'><strong>atquc</strong></span> <span class='ocrx_word' id='word_1_60' title='bbox 1043 1063 1078 1120; x_wconf 93' lang='lat' dir='ltr'><strong>ab</strong></span> <span class='ocrx_word' id='word_1_61' title='bbox 1090 1063 1207 1124; x_wconf 78' lang='lat' dir='ltr'><strong>Abraha</strong></span> <span class='ocrx_word' id='word_1_62' title='bbox 1221 1090 1295 1128; x_wconf 91' lang='lat' dir='ltr'><strong>rar·</strong></span> <span class='ocrx_word' id='word_1_63' title='bbox 1388 1060 1390 1063; x_wconf 21' lang='lat'>⁸</span> 
     </span>
     <span class='ocr_line' id='line_1_9' title="bbox 201 1147 1294 1227; baseline -0.002 -16"><span class='ocrx_word' id='word_1_64' title='bbox 201 1172 268 1213; x_wconf 87' lang='lat' dir='ltr'><strong>sum</strong></span> <span class='ocrx_word' id='word_1_65' title='bbox 280 1150 318 1209; x_wconf 86' lang='lat' dir='ltr'><strong>ad</strong></span> <span class='ocrx_word' id='word_1_66' title='bbox 330 1171 396 1209; x_wconf 87' lang='lat' dir='ltr'><strong>mor</strong></span> <span class='ocrx_word' id='word_1_67' title='bbox 398 1159 455 1208; x_wconf 89' lang='lat' dir='ltr'><strong>tem</strong></span> <span class='ocrx_word' id='word_1_68' title='bbox 469 1148 587 1225; x_wconf 88' lang='lat' dir='ltr'><strong>Christi,</strong></span> <span class='ocrx_word' id='word_1_69' title='bbox 602 1168 664 1207; x_wconf 91' lang='lat' dir='ltr'><strong>non</strong></span> <span class='ocrx_word' id='word_1_70' title='bbox 677 1154 771 1222; x_wconf 89' lang='grc'><strong>2221,</strong></span> <span class='ocrx_word' id='word_1_71' title='bbox 783 1147 835 1205; x_wconf 85' lang='lat' dir='ltr'><strong>sed</strong></span> <span class='ocrx_word' id='word_1_72' title='bbox 845 1149 937 1221; x_wconf 87' lang='grc'><strong>2048,</strong></span> <span class='ocrx_word' id='word_1_73' title='bbox 951 1148 1120 1207; x_wconf 74' lang='lat' dir='ltr'><strong>summatim</strong></span> <span class='ocrx_word' id='word_1_74' title='bbox 1133 1168 1201 1227; x_wconf 85' lang='lat' dir='ltr'><strong>ergo</strong></span> <span class='ocrx_word' id='word_1_75' title='bbox 1210 1155 1294 1221; x_wconf 82' lang='grc'><strong>5232</strong></span> 
     </span>
     <span class='ocr_line' id='line_1_10' title="bbox 201 1232 1294 1315; baseline -0.001 -19"><span class='ocrx_word' id='word_1_76' title='bbox 201 1256 296 1296; x_wconf 90' lang='lat' dir='ltr'><strong>annos</strong></span> <span class='ocrx_word' id='word_1_77' title='bbox 317 1244 422 1293; x_wconf 91' lang='lat' dir='ltr'><strong>contra</strong></span> <span class='ocrx_word' id='word_1_78' title='bbox 435 1234 644 1315; x_wconf 79' lang='lat' dir='ltr'><strong>Apostolorum</strong></span> <span class='ocrx_word' id='word_1_79' title='bbox 662 1232 852 1293; x_wconf 89' lang='lat' dir='ltr'><strong>traditionem</strong></span> <span class='ocrx_word' id='word_1_80' title='bbox 872 1234 1098 1311; x_wconf 87' lang='lat' dir='ltr'><strong>computaverit.</strong></span> <span class='ocrx_word' id='word_1_81' title='bbox 1141 1236 1195 1293; x_wconf 91' lang='lat' dir='ltr'><strong>Cui</strong></span> <span class='ocrx_word' id='word_1_82' title='bbox 1209 1256 1294 1296; x_wconf 89' lang='lat' dir='ltr'><strong>sum-</strong></span> 
     </span>
     <span class='ocr_line' id='line_1_11' title="bbox 200 1317 1295 1398; baseline 0.001 -21"><span class='ocrx_word' id='word_1_83' title='bbox 200 1340 267 1381; x_wconf 86' lang='lat' dir='ltr'><strong>mac</strong></span> <span class='ocrx_word' id='word_1_84' title='bbox 289 1318 315 1377; x_wconf 92' lang='lat' dir='ltr'><strong>si</strong></span> <span class='ocrx_word' id='word_1_85' title='bbox 336 1340 429 1377; x_wconf 85' lang='lat' dir='ltr'><strong>annos</strong></span> <span class='ocrx_word' id='word_1_86' title='bbox 449 1319 528 1381; x_wconf 84' lang='lat' dir='ltr'><strong>vitae</strong></span> <span class='ocrx_word' id='word_1_87' title='bbox 542 1317 652 1378; x_wconf 76' lang='lat' dir='ltr'><strong>Christi</strong></span> <span class='ocrx_word' id='word_1_88' title='bbox 670 1321 712 1384; x_wconf 91' lang='lat'><strong>33</strong></span> <span class='ocrx_word' id='word_1_89' title='bbox 726 1317 903 1395; x_wconf 78' lang='lat' dir='ltr'><strong>detraxeris,</strong></span> <span class='ocrx_word' id='word_1_90' title='bbox 924 1326 1038 1377; x_wconf 87' lang='lat' dir='ltr'><strong>restant</strong></span> <span class='ocrx_word' id='word_1_91' title='bbox 1051 1319 1134 1384; x_wconf 82' lang='lat'><strong>5199</strong></span> <span class='ocrx_word' id='word_1_92' title='bbox 1149 1339 1241 1398; x_wconf 90' lang='lat' dir='ltr'><strong>usquc</strong></span> <span class='ocrx_word' id='word_1_93' title='bbox 1255 1322 1295 1381; x_wconf 86' lang='lat' dir='ltr'><strong>ad</strong></span> 
     </span>
     <span class='ocr_line' id='line_1_12' title="bbox 199 1403 1292 1485; baseline 0.003 -22"><span class='ocrx_word' id='word_1_94' title='bbox 199 1405 331 1485; x_wconf 84' lang='lat' dir='ltr'><strong>primam</strong></span> <span class='ocrx_word' id='word_1_95' title='bbox 351 1423 462 1462; x_wconf 88' lang='lat' dir='ltr'><strong>armum</strong></span> <span class='ocrx_word' id='word_1_96' title='bbox 482 1403 604 1463; x_wconf 82' lang='lat' dir='ltr'><strong>Christi.</strong></span> <span class='ocrx_word' id='word_1_97' title='bbox 624 1436 661 1449; x_wconf 89' lang='lat'>-</span> <span class='ocrx_word' id='word_1_98' title='bbox 692 1404 880 1481; x_wconf 80' lang='lat' dir='ltr'><strong>Eandemque</strong></span> <span class='ocrx_word' id='word_1_99' title='bbox 901 1422 1057 1462; x_wconf 79' lang='lat' dir='ltr'><strong>numerum</strong></span> <span class='ocrx_word' id='word_1_100' title='bbox 1071 1403 1179 1481; x_wconf 81' lang='lat' dir='ltr'><strong>colligo</strong></span> <span class='ocrx_word' id='word_1_101' title='bbox 1193 1426 1210 1462; x_wconf 92' lang='lat' dir='ltr'><strong>e</strong></span> <span class='ocrx_word' id='word_1_102' title='bbox 1225 1424 1292 1483; x_wconf 82' lang='lat' dir='ltr'><strong>pag.</strong></span> 
     </span>
     <span class='ocr_line' id='line_1_13' title="bbox 200 1487 1295 1567; baseline 0 -20"><span class='ocrx_word' id='word_1_103' title='bbox 200 1493 278 1564; x_wconf 88' lang='lat'><strong>169,</strong></span> <span class='ocrx_word' id='word_1_104' title='bbox 300 1509 360 1567; x_wconf 86' lang='lat' dir='ltr'><strong>qua</strong></span> <span class='ocrx_word' id='word_1_105' title='bbox 375 1489 532 1548; x_wconf 86' lang='lat' dir='ltr'><strong>Eusebium</strong></span> <span class='ocrx_word' id='word_1_106' title='bbox 557 1488 593 1547; x_wconf 90' lang='lat' dir='ltr'><strong>ab</strong></span> <span class='ocrx_word' id='word_1_107' title='bbox 610 1488 722 1547; x_wconf 78' lang='lat' dir='ltr'><strong>Adamo</strong></span> <span class='ocrx_word' id='word_1_108' title='bbox 744 1489 781 1547; x_wconf 88' lang='lat' dir='ltr'><strong>ad</strong></span> <span class='ocrx_word' id='word_1_109' title='bbox 795 1487 981 1547; x_wconf 78' lang='lat' dir='ltr'><strong>Constantini</strong></span> <span class='ocrx_word' id='word_1_110' title='bbox 1001 1488 1041 1547; x_wconf 93' lang='lat' dir='ltr'><strong>M.</strong></span> <span class='ocrx_word' id='word_1_111' title='bbox 1056 1508 1167 1548; x_wconf 88' lang='lat' dir='ltr'><strong>annum</strong></span> <span class='ocrx_word' id='word_1_112' title='bbox 1183 1490 1295 1566; x_wconf 82' lang='lat' dir='ltr'><strong>vigesi-</strong></span> 
     </span>
     <span class='ocr_line' id='line_1_14' title="bbox 198 1572 1294 1653; baseline 0 -21"><span class='ocrx_word' id='word_1_113' title='bbox 198 1592 283 1633; x_wconf 88' lang='lat' dir='ltr'><strong>mum</strong></span> <span class='ocrx_word' id='word_1_114' title='bbox 297 1593 359 1632; x_wconf 91' lang='lat' dir='ltr'><strong>non</strong></span> <span class='ocrx_word' id='word_1_115' title='bbox 373 1576 457 1641; x_wconf 82' lang='grc'><strong>5816</strong></span> <span class='ocrx_word' id='word_1_116' title='bbox 471 1594 564 1633; x_wconf 88' lang='grc' dir='ltr'>ιιιιιοι</span> <span class='ocrx_word' id='word_1_117' title='bbox 584 1582 770 1653; x_wconf 88' lang='lat' dir='ltr'><strong>computasse</strong></span> <span class='ocrx_word' id='word_1_118' title='bbox 785 1574 928 1649; x_wconf 80' lang='lat' dir='ltr'><strong>Georgius</strong></span> <span class='ocrx_word' id='word_1_119' title='bbox 942 1572 1149 1650; x_wconf 78' lang='lat' dir='ltr'><strong>reprehendit,</strong></span> <span class='ocrx_word' id='word_1_120' title='bbox 1171 1574 1223 1633; x_wconf 92' lang='lat' dir='ltr'><strong>sed</strong></span> <span class='ocrx_word' id='word_1_121' title='bbox 1243 1595 1294 1632; x_wconf 86' lang='lat' dir='ltr'><strong>er-</strong></span> 
     </span>
     <span class='ocr_line' id='line_1_15' title="bbox 196 1656 1293 1736; baseline -0.004 -16"><span class='ocrx_word' id='word_1_122' title='bbox 196 1676 269 1720; x_wconf 84' lang='lat' dir='ltr'><strong>rore</strong></span> <span class='ocrx_word' id='word_1_123' title='bbox 284 1678 378 1717; x_wconf 89' lang='lat' dir='ltr'><strong>annos</strong></span> <span class='ocrx_word' id='word_1_124' title='bbox 393 1664 456 1725; x_wconf 90' lang='grc'><strong>290</strong></span> <span class='ocrx_word' id='word_1_125' title='bbox 473 1659 613 1720; x_wconf 86' lang='lat' dir='ltr'><strong>omisisse.</strong></span> <span class='ocrx_word' id='word_1_126' title='bbox 656 1658 848 1736; x_wconf 88' lang='lat' dir='ltr'><strong>Computavit</strong></span> <span class='ocrx_word' id='word_1_127' title='bbox 864 1676 932 1730; x_wconf 75' lang='lat' dir='ltr'><strong>ergo</strong></span> <span class='ocrx_word' id='word_1_128' title='bbox 947 1656 1089 1715; x_wconf 83' lang='lat' dir='ltr'><strong>Eusebius</strong></span> <span class='ocrx_word' id='word_1_129' title='bbox 1101 1676 1194 1716; x_wconf 84' lang='lat' dir='ltr'><strong>armos</strong></span> <span class='ocrx_word' id='word_1_130' title='bbox 1208 1658 1293 1725; x_wconf 81' lang='lat'><strong>5526</strong></span> 
     </span>
     <span class='ocr_line' id='line_1_16' title="bbox 198 1735 1293 1828; baseline -0.009 -23"><span class='ocrx_word' id='word_1_131' title='bbox 198 1737 317 1828; x_wconf 68' lang='grc' dir='ltr'>(εφιέ)</span> <span class='ocrx_word' id='word_1_132' title='bbox 339 1764 410 1819; x_wconf 89' lang='grc' dir='ltr'>ιιοιι,</span> <span class='ocrx_word' id='word_1_133' title='bbox 431 1745 474 1803; x_wconf 90' lang='lat' dir='ltr'><strong>ati</strong></span> <span class='ocrx_word' id='word_1_134' title='bbox 490 1762 658 1823; x_wconf 70' lang='lat' dir='ltr'><strong>expressura</strong></span> <span class='ocrx_word' id='word_1_135' title='bbox 672 1751 717 1799; x_wconf 82' lang='lat' dir='ltr'><strong>cst</strong></span> <span class='ocrx_word' id='word_1_136' title='bbox 732 1735 837 1823; x_wconf 67' lang='grc' dir='ltr'>εφιιξ,</span> <span class='ocrx_word' id='word_1_137' title='bbox 859 1742 953 1805; x_wconf 82' lang='grc'><strong>5527.</strong></span> <span class='ocrx_word' id='word_1_138' title='bbox 982 1742 1121 1799; x_wconf 77' lang='lat' dir='ltr'><strong>Conferre</strong></span> <span class='ocrx_word' id='word_1_139' title='bbox 1134 1763 1163 1820; x_wconf 88' lang='lat' dir='ltr'><strong>p</strong></span> <span class='ocrx_word' id='word_1_140' title='bbox 1181 1744 1293 1820; x_wconf 83' lang='lat' dir='ltr'><strong>35.C.,</strong></span> 
     </span>
     <span class='ocr_line' id='line_1_17' title="bbox 195 1802 1294 1923; baseline 0.002 -40"><span class='ocrx_word' id='word_1_141' title='bbox 195 1848 266 1909; x_wconf 82' lang='lat' dir='ltr'><strong>pag.</strong></span> <span class='ocrx_word' id='word_1_142' title='bbox 281 1832 331 1893; x_wconf 88' lang='lat'><strong>36.</strong></span> <span class='ocrx_word' id='word_1_143' title='bbox 348 1829 383 1887; x_wconf 79' lang='lat' dir='ltr'><strong>d.</strong></span> <span class='ocrx_word' id='word_1_144' title='bbox 395 1829 428 1888; x_wconf 91' lang='lat' dir='ltr'><strong>B.</strong></span> <span class='ocrx_word' id='word_1_145' title='bbox 461 1828 542 1889; x_wconf 86' lang='lat' dir='ltr'><strong>Idem</strong></span> <span class='ocrx_word' id='word_1_146' title='bbox 557 1844 699 1884; x_wconf 87' lang='lat' dir='ltr'><strong>uumerus</strong></span> <span class='ocrx_word' id='word_1_147' title='bbox 714 1802 865 1923; x_wconf 83' lang='lat' dir='ltr'><strong>colligitur</strong></span> <span class='ocrx_word' id='word_1_148' title='bbox 878 1844 916 1881; x_wconf 82' lang='lat' dir='ltr'><strong>cx</strong></span> <span class='ocrx_word' id='word_1_149' title='bbox 932 1824 1107 1904; x_wconf 61' lang='lat' dir='ltr'><strong>Hieronpmr</strong></span> <span class='ocrx_word' id='word_1_150' title='bbox 1099 1826 1212 1883; x_wconf 87' lang='lat' dir='ltr'><strong>latina</strong></span> <span class='ocrx_word' id='word_1_151' title='bbox 1225 1846 1294 1886; x_wconf 79' lang='lat' dir='ltr'><strong>vcr-</strong></span> 
     </span>
     <span class='ocr_line' id='line_1_18' title="bbox 195 1909 1291 1993; baseline 0 -22"><span class='ocrx_word' id='word_1_152' title='bbox 195 1914 327 1993; x_wconf 85' lang='lat' dir='ltr'><strong>siouep</strong></span> <span class='ocrx_word' id='word_1_153' title='bbox 348 1917 418 1987; x_wconf 89' lang='lat'><strong>181,</strong></span> <span class='ocrx_word' id='word_1_154' title='bbox 440 1912 493 1990; x_wconf 84' lang='lat' dir='ltr'><strong>qui</strong></span> <span class='ocrx_word' id='word_1_155' title='bbox 511 1929 622 1969; x_wconf 89' lang='lat' dir='ltr'><strong>aunum</strong></span> <span class='ocrx_word' id='word_1_156' title='bbox 634 1909 808 1988; x_wconf 79' lang='lat' dir='ltr'><strong>vigesimam</strong></span> <span class='ocrx_word' id='word_1_157' title='bbox 826 1909 1013 1967; x_wconf 83' lang='lat' dir='ltr'><strong>Constantini</strong></span> <span class='ocrx_word' id='word_1_158' title='bbox 1029 1911 1069 1970; x_wconf 91' lang='lat' dir='ltr'><strong>M.</strong></span> <span class='ocrx_word' id='word_1_159' title='bbox 1082 1910 1169 1990; x_wconf 88' lang='lat' dir='ltr'><strong>ponit</strong></span> <span class='ocrx_word' id='word_1_160' title='bbox 1182 1930 1291 1971; x_wconf 81' lang='lat' dir='ltr'><strong>artuum</strong></span> 
     </span>
     <span class='ocr_line' id='line_1_19' title="bbox 186 1957 1294 2075; baseline -0.002 -18"><span class='ocrx_word' id='word_1_161' title='bbox 186 1998 282 2064; x_wconf 79' lang='grc'><strong>,2342</strong></span> <span class='ocrx_word' id='word_1_162' title='bbox 293 2008 364 2075; x_wconf 90' lang='lat' dir='ltr'><strong>post</strong></span> <span class='ocrx_word' id='word_1_163' title='bbox 375 1957 524 2055; x_wconf 79' lang='lat' dir='ltr'><strong>Abraham</strong></span> <span class='ocrx_word' id='word_1_164' title='bbox 537 2004 648 2057; x_wconf 90' lang='lat' dir='ltr'><strong>natum.</strong></span> <span class='ocrx_word' id='word_1_165' title='bbox 692 1996 723 2053; x_wconf 88' lang='lat' dir='ltr'><strong>Si</strong></span> <span class='ocrx_word' id='word_1_166' title='bbox 738 2014 810 2055; x_wconf 90' lang='lat' dir='ltr'><strong>vcro</strong></span> <span class='ocrx_word' id='word_1_167' title='bbox 825 1994 863 2052; x_wconf 89' lang='lat' dir='ltr'><strong>ad</strong></span> <span class='ocrx_word' id='word_1_168' title='bbox 872 2015 966 2053; x_wconf 89' lang='lat' dir='ltr'><strong>annos</strong></span> <span class='ocrx_word' id='word_1_169' title='bbox 981 1996 1066 2062; x_wconf 84' lang='grc'><strong>2342</strong></span> <span class='ocrx_word' id='word_1_170' title='bbox 1081 2016 1224 2054; x_wconf 84' lang='lat' dir='ltr'><strong>summam</strong></span> <span class='ocrx_word' id='word_1_171' title='bbox 1236 2017 1294 2055; x_wconf 88' lang='grc' dir='ltr'>ιιι-</span> 
     </span>
     <span class='ocr_line' id='line_1_20' title="bbox 193 2078 1294 2154; baseline -0.003 -13"><span class='ocrx_word' id='word_1_172' title='bbox 193 2102 308 2141; x_wconf 88' lang='lat' dir='ltr'><strong>norum</strong></span> <span class='ocrx_word' id='word_1_173' title='bbox 329 2084 414 2147; x_wconf 85' lang='lat'><strong>3134</strong></span> <span class='ocrx_word' id='word_1_174' title='bbox 435 2079 472 2137; x_wconf 90' lang='lat' dir='ltr'><strong>ab</strong></span> <span class='ocrx_word' id='word_1_175' title='bbox 497 2078 609 2139; x_wconf 81' lang='lat' dir='ltr'><strong>Adauro</strong></span> <span class='ocrx_word' id='word_1_176' title='bbox 633 2080 671 2139; x_wconf 89' lang='lat' dir='ltr'><strong>ad</strong></span> <span class='ocrx_word' id='word_1_177' title='bbox 693 2079 841 2140; x_wconf 85' lang='lat' dir='ltr'><strong>Abraham</strong></span> <span class='ocrx_word' id='word_1_178' title='bbox 863 2079 965 2154; x_wconf 77' lang='lat' dir='ltr'><strong>addis,</strong></span> <span class='ocrx_word' id='word_1_179' title='bbox 987 2081 1088 2139; x_wconf 87' lang='lat' dir='ltr'><strong>eadem</strong></span> <span class='ocrx_word' id='word_1_180' title='bbox 1106 2102 1220 2140; x_wconf 86' lang='lat' dir='ltr'><strong>summa</strong></span> <span class='ocrx_word' id='word_1_181' title='bbox 1236 2080 1294 2140; x_wconf 87' lang='lat' dir='ltr'><strong>tibi</strong></span> 
     </span>
     <span class='ocr_line' id='line_1_21' title="bbox 195 2163 1295 2242; baseline 0 -19"><span class='ocrx_word' id='word_1_182' title='bbox 195 2174 243 2223; x_wconf 89' lang='lat' dir='ltr'><strong>cst</strong></span> <span class='ocrx_word' id='word_1_183' title='bbox 261 2166 354 2229; x_wconf 79' lang='grc'><strong>5526.</strong></span> <span class='ocrx_word' id='word_1_184' title='bbox 395 2163 499 2223; x_wconf 78' lang='lat' dir='ltr'><strong>Annus</strong></span> <span class='ocrx_word' id='word_1_185' title='bbox 521 2175 619 2225; x_wconf 87' lang='lat' dir='ltr'><strong>autern</strong></span> <span class='ocrx_word' id='word_1_186' title='bbox 641 2164 799 2242; x_wconf 69' lang='lat' dir='ltr'><strong>vigesimus</strong></span> <span class='ocrx_word' id='word_1_187' title='bbox 821 2164 1006 2223; x_wconf 82' lang='lat' dir='ltr'><strong>Constantini</strong></span> <span class='ocrx_word' id='word_1_188' title='bbox 1028 2166 1067 2226; x_wconf 88' lang='lat' dir='ltr'><strong>M.</strong></span> <span class='ocrx_word' id='word_1_189' title='bbox 1083 2177 1126 2224; x_wconf 89' lang='lat' dir='ltr'><strong>est</strong></span> <span class='ocrx_word' id='word_1_190' title='bbox 1147 2186 1216 2224; x_wconf 88' lang='lat' dir='ltr'><strong>ana.</strong></span> <span class='ocrx_word' id='word_1_191' title='bbox 1229 2168 1295 2231; x_wconf 76' lang='grc'><strong>327</strong></span> 
     </span>
     <span class='ocr_line' id='line_1_22' title="bbox 193 2246 1295 2328; baseline 0.004 -24"><span class='ocrx_word' id='word_1_192' title='bbox 193 2257 266 2328; x_wconf 87' lang='lat' dir='ltr'><strong>post</strong></span> <span class='ocrx_word' id='word_1_193' title='bbox 282 2246 351 2306; x_wconf 88' lang='lat' dir='ltr'><strong>Chr.</strong></span> <span class='ocrx_word' id='word_1_194' title='bbox 369 2258 444 2313; x_wconf 79' lang='lat' dir='ltr'><strong>nat:</strong></span> <span class='ocrx_word' id='word_1_195' title='bbox 466 2270 534 2328; x_wconf 79' lang='lat' dir='ltr'><strong>ergo</strong></span> <span class='ocrx_word' id='word_1_196' title='bbox 558 2271 597 2309; x_wconf 81' lang='lat' dir='ltr'><strong>ex</strong></span> <span class='ocrx_word' id='word_1_197' title='bbox 619 2249 675 2309; x_wconf 91' lang='lat' dir='ltr'><strong>lrac</strong></span> <span class='ocrx_word' id='word_1_198' title='bbox 694 2269 815 2328; x_wconf 82' lang='lat' dir='ltr'><strong>quoque</strong></span> <span class='ocrx_word' id='word_1_199' title='bbox 835 2250 951 2309; x_wconf 88' lang='lat' dir='ltr'><strong>ratione</strong></span> <span class='ocrx_word' id='word_1_200' title='bbox 968 2271 1063 2308; x_wconf 89' lang='lat' dir='ltr'><strong>annus</strong></span> <span class='ocrx_word' id='word_1_201' title='bbox 1091 2252 1174 2316; x_wconf 89' lang='grc'><strong>5199</strong></span> <span class='ocrx_word' id='word_1_202' title='bbox 1187 2248 1295 2309; x_wconf 84' lang='lat' dir='ltr'><strong>mundi</strong></span> 
     </span>
     <span class='ocr_line' id='line_1_23' title="bbox 194 2332 1200 2416; baseline 0 -25"><span class='ocrx_word' id='word_1_203' title='bbox 194 2342 241 2391; x_wconf 79' lang='lat' dir='ltr'><strong>est</strong></span> <span class='ocrx_word' id='word_1_204' title='bbox 263 2332 427 2394; x_wconf 85' lang='lat' dir='ltr'><strong>secundum</strong></span> <span class='ocrx_word' id='word_1_205' title='bbox 444 2334 560 2393; x_wconf 87' lang='lat' dir='ltr'><strong>Eusebii</strong></span> <span class='ocrx_word' id='word_1_206' title='bbox 576 2335 828 2416; x_wconf 88' lang='lat' dir='ltr'><strong>computationem</strong></span> <span class='ocrx_word' id='word_1_207' title='bbox 841 2335 956 2413; x_wconf 87' lang='lat' dir='ltr'><strong>primus</strong></span> <span class='ocrx_word' id='word_1_208' title='bbox 970 2356 1064 2393; x_wconf 91' lang='lat' dir='ltr'><strong>annus</strong></span> <span class='ocrx_word' id='word_1_209' title='bbox 1081 2334 1200 2393; x_wconf 86' lang='lat' dir='ltr'><strong>Christi.</strong></span> 
     </span>
    </p>

    <p class='ocr_par' dir='ltr' id='par_1_4' title="bbox 186 2417 1294 3579">
     <span class='ocr_line' id='line_1_24' title="bbox 281 2417 1292 2479; baseline 0.002 -5"><span class='ocrx_word' id='word_1_210' title='bbox 281 2417 427 2478; x_wconf 86' lang='lat' dir='ltr'><strong>Omnibus</strong></span> <span class='ocrx_word' id='word_1_211' title='bbox 441 2418 488 2479; x_wconf 89' lang='lat' dir='ltr'><strong>his</strong></span> <span class='ocrx_word' id='word_1_212' title='bbox 503 2421 576 2479; x_wconf 89' lang='lat' dir='ltr'><strong>locis</strong></span> <span class='ocrx_word' id='word_1_213' title='bbox 592 2420 774 2479; x_wconf 87' lang='lat' dir='ltr'><strong>diversorum</strong></span> <span class='ocrx_word' id='word_1_214' title='bbox 790 2418 936 2477; x_wconf 87' lang='lat' dir='ltr'><strong>librorum</strong></span> <span class='ocrx_word' id='word_1_215' title='bbox 951 2429 981 2477; x_wconf 89' lang='lat' dir='ltr'><strong>et</strong></span> <span class='ocrx_word' id='word_1_216' title='bbox 997 2430 1153 2478; x_wconf 90' lang='lat' dir='ltr'><strong>auctorum</strong></span> <span class='ocrx_word' id='word_1_217' title='bbox 1168 2436 1292 2479; x_wconf 90' lang='lat' dir='ltr'><strong>consen·</strong></span> 
     </span>
     <span class='ocr_line' id='line_1_25' title="bbox 193 2500 1292 2599; baseline 0.002 -41"><span class='ocrx_word' id='word_1_218' title='bbox 193 2500 380 2599; x_wconf 80' lang='lat' dir='ltr'><strong>tientibus,</strong></span> <span class='ocrx_word' id='word_1_219' title='bbox 370 2525 418 2564; x_wconf 86' lang='lat' dir='ltr'><strong>rus</strong></span> <span class='ocrx_word' id='word_1_220' title='bbox 431 2504 517 2563; x_wconf 92' lang='lat' dir='ltr'><strong>nobis</strong></span> <span class='ocrx_word' id='word_1_221' title='bbox 530 2525 591 2563; x_wconf 87' lang='lat' dir='ltr'><strong>esse</strong></span> <span class='ocrx_word' id='word_1_222' title='bbox 605 2506 740 2580; x_wconf 82' lang='lat' dir='ltr'><strong>arbitror,</strong></span> <span class='ocrx_word' id='word_1_223' title='bbox 762 2504 899 2562; x_wconf 88' lang='lat' dir='ltr'><strong>mutandi</strong></span> <span class='ocrx_word' id='word_1_224' title='bbox 913 2524 1061 2578; x_wconf 88' lang='lat' dir='ltr'><strong>numeros,</strong></span> <span class='ocrx_word' id='word_1_225' title='bbox 1082 2504 1218 2583; x_wconf 89' lang='lat' dir='ltr'><strong>inprimis</strong></span> <span class='ocrx_word' id='word_1_226' title='bbox 1232 2523 1292 2577; x_wconf 88' lang='lat' dir='ltr'><strong>eos,</strong></span> 
     </span>
     <span class='ocr_line' id='line_1_26' title="bbox 193 2551 1293 2669; baseline 0.003 -25"><span class='ocrx_word' id='word_1_227' title='bbox 193 2587 250 2663; x_wconf 90' lang='lat' dir='ltr'><strong>qui</strong></span> <span class='ocrx_word' id='word_1_228' title='bbox 273 2588 377 2647; x_wconf 88' lang='lat' dir='ltr'><strong>sorte</strong></span> <span class='ocrx_word' id='word_1_229' title='bbox 368 2610 400 2647; x_wconf 91' lang='grc' dir='ltr'><strong>ιιι</strong></span> <span class='ocrx_word' id='word_1_230' title='bbox 414 2589 479 2669; x_wconf 89' lang='lat' dir='ltr'><strong>ipsa</strong></span> <span class='ocrx_word' id='word_1_231' title='bbox 499 2590 625 2649; x_wconf 83' lang='lat' dir='ltr'><strong>Eusebio</strong></span> <span class='ocrx_word' id='word_1_232' title='bbox 641 2598 670 2647; x_wconf 88' lang='lat' dir='ltr'><strong>et</strong></span> <span class='ocrx_word' id='word_1_233' title='bbox 681 2589 715 2647; x_wconf 92' lang='lat' dir='ltr'><strong>in</strong></span> <span class='ocrx_word' id='word_1_234' title='bbox 728 2551 828 2646; x_wconf 83' lang='lat' dir='ltr'><strong>eadem</strong></span> <span class='ocrx_word' id='word_1_235' title='bbox 844 2586 1028 2666; x_wconf 81' lang='lat' dir='ltr'><strong>paginatam</strong></span> <span class='ocrx_word' id='word_1_236' title='bbox 1044 2608 1111 2645; x_wconf 88' lang='lat' dir='ltr'><strong>cam</strong></span> <span class='ocrx_word' id='word_1_237' title='bbox 1124 2586 1182 2646; x_wconf 90' lang='lat' dir='ltr'><strong>hac</strong></span> <span class='ocrx_word' id='word_1_238' title='bbox 1197 2587 1293 2647; x_wconf 85' lang='lat' dir='ltr'><strong>Chro-</strong></span> 
     </span>
     <span class='ocr_line' id='line_1_27' title="bbox 191 2671 1294 2753; baseline 0.001 -25"><span class='ocrx_word' id='word_1_239' title='bbox 191 2671 315 2747; x_wconf 76' lang='lat' dir='ltr'><strong>uologia</strong></span> <span class='ocrx_word' id='word_1_240' title='bbox 334 2674 496 2733; x_wconf 86' lang='lat' dir='ltr'><strong>Eusebiana</strong></span> <span class='ocrx_word' id='word_1_241' title='bbox 517 2674 643 2753; x_wconf 87' lang='lat' dir='ltr'><strong>probata</strong></span> <span class='ocrx_word' id='word_1_242' title='bbox 664 2682 729 2732; x_wconf 89' lang='lat' dir='ltr'><strong>tum</strong></span> <span class='ocrx_word' id='word_1_243' title='bbox 748 2672 828 2731; x_wconf 88' lang='lat' dir='ltr'><strong>intcr</strong></span> <span class='ocrx_word' id='word_1_244' title='bbox 849 2691 880 2730; x_wconf 91' lang='lat' dir='ltr'><strong>se</strong></span> <span class='ocrx_word' id='word_1_245' title='bbox 892 2682 1033 2750; x_wconf 79' lang='lat' dir='ltr'><strong>pugnant.</strong></span> <span class='ocrx_word' id='word_1_246' title='bbox 1077 2672 1201 2730; x_wconf 86' lang='lat' dir='ltr'><strong>Credere</strong></span> <span class='ocrx_word' id='word_1_247' title='bbox 1214 2671 1294 2731; x_wconf 85' lang='lat' dir='ltr'><strong>eninr</strong></span> 
     </span>
     <span class='ocr_line' id='line_1_28' title="bbox 191 2754 1292 2833; baseline 0.001 -20"><span class='ocrx_word' id='word_1_248' title='bbox 191 2754 355 2831; x_wconf 84' lang='lat' dir='ltr'><strong>nonlicet,</strong></span> <span class='ocrx_word' id='word_1_249' title='bbox 377 2758 527 2819; x_wconf 89' lang='lat' dir='ltr'><strong>hominem</strong></span> <span class='ocrx_word' id='word_1_250' title='bbox 540 2779 628 2818; x_wconf 89' lang='lat' dir='ltr'><strong>sanae</strong></span> <span class='ocrx_word' id='word_1_251' title='bbox 645 2756 751 2817; x_wconf 88' lang='lat' dir='ltr'><strong>mentis</strong></span> <span class='ocrx_word' id='word_1_252' title='bbox 769 2757 802 2814; x_wconf 93' lang='lat' dir='ltr'><strong>in</strong></span> <span class='ocrx_word' id='word_1_253' title='bbox 823 2757 928 2815; x_wconf 88' lang='lat' dir='ltr'><strong>eodem</strong></span> <span class='ocrx_word' id='word_1_254' title='bbox 941 2757 1019 2815; x_wconf 86' lang='lat' dir='ltr'><strong>libro</strong></span> <span class='ocrx_word' id='word_1_255' title='bbox 1033 2765 1120 2833; x_wconf 90' lang='lat' dir='ltr'><strong>atque</strong></span> <span class='ocrx_word' id='word_1_256' title='bbox 1137 2756 1169 2814; x_wconf 92' lang='lat' dir='ltr'><strong>in</strong></span> <span class='ocrx_word' id='word_1_257' title='bbox 1190 2756 1292 2815; x_wconf 88' lang='lat' dir='ltr'><strong>eadem</strong></span> 
     </span>
     <span class='ocr_line' id='line_1_29' title="bbox 191 2839 1288 2919; baseline 0.004 -23"><span class='ocrx_word' id='word_1_258' title='bbox 191 2839 303 2919; x_wconf 81' lang='lat' dir='ltr'><strong>pagina</strong></span> <span class='ocrx_word' id='word_1_259' title='bbox 319 2841 374 2902; x_wconf 86' lang='lat' dir='ltr'><strong>sibi</strong></span> <span class='ocrx_word' id='word_1_260' title='bbox 392 2844 595 2905; x_wconf 80' lang='lat' dir='ltr'><strong>contradicere</strong></span> <span class='ocrx_word' id='word_1_261' title='bbox 615 2844 702 2903; x_wconf 83' lang='lat' dir='ltr'><strong>velle.</strong></span> <span class='ocrx_word' id='word_1_262' title='bbox 744 2842 778 2903; x_wconf 84' lang='lat' dir='ltr'><strong>P.</strong></span> <span class='ocrx_word' id='word_1_263' title='bbox 802 2845 871 2907; x_wconf 89' lang='lat'><strong>186.</strong></span> <span class='ocrx_word' id='word_1_264' title='bbox 888 2842 1015 2901; x_wconf 86' lang='lat' dir='ltr'><strong>Canonis</strong></span> <span class='ocrx_word' id='word_1_265' title='bbox 1029 2841 1126 2919; x_wconf 86' lang='lat' dir='ltr'><strong>graeci</strong></span> <span class='ocrx_word' id='word_1_266' title='bbox 1143 2841 1288 2900; x_wconf 84' lang='lat' dir='ltr'><strong>Eusebius</strong></span> 
     </span>
     <span class='ocr_line' id='line_1_30' title="bbox 192 2927 1289 3006; baseline 0 -23"><span class='ocrx_word' id='word_1_267' title='bbox 192 2944 291 2983; x_wconf 87' lang='lat' dir='ltr'><strong>annos</strong></span> <span class='ocrx_word' id='word_1_268' title='bbox 311 2928 393 2991; x_wconf 80' lang='grc'><strong>2015</strong></span> <span class='ocrx_word' id='word_1_269' title='bbox 412 2929 448 2987; x_wconf 90' lang='lat' dir='ltr'><strong>ab</strong></span> <span class='ocrx_word' id='word_1_270' title='bbox 467 2928 586 2989; x_wconf 84' lang='lat' dir='ltr'><strong>Abraha</strong></span> <span class='ocrx_word' id='word_1_271' title='bbox 611 2927 650 2988; x_wconf 91' lang='lat' dir='ltr'><strong>ad</strong></span> <span class='ocrx_word' id='word_1_272' title='bbox 670 2928 772 2987; x_wconf 89' lang='lat' dir='ltr'><strong>Mosen</strong></span> <span class='ocrx_word' id='word_1_273' title='bbox 796 2936 1035 3006; x_wconf 74' lang='lat' dir='ltr'><strong>computruerat:</strong></span> <span class='ocrx_word' id='word_1_274' title='bbox 1057 2927 1176 3005; x_wconf 82' lang='lat' dir='ltr'><strong>plagula</strong></span> <span class='ocrx_word' id='word_1_275' title='bbox 1189 2936 1289 2985; x_wconf 89' lang='lat' dir='ltr'><strong>autem</strong></span> 
     </span>
     <span class='ocr_line' id='line_1_31' title="bbox 190 3012 1291 3087; baseline -0.005 -13"><span class='ocrx_word' id='word_1_276' title='bbox 190 3028 280 3069; x_wconf 67' lang='lat' dir='ltr'><strong>verta</strong></span> <span class='ocrx_word' id='word_1_277' title='bbox 295 3029 324 3087; x_wconf 72' lang='lat'><strong>1²·</strong></span> <span class='ocrx_word' id='word_1_278' title='bbox 335 3014 404 3075; x_wconf 90' lang='lat'><strong>188.</strong></span> <span class='ocrx_word' id='word_1_279' title='bbox 418 3012 454 3070; x_wconf 90' lang='lat' dir='ltr'><strong>ab</strong></span> <span class='ocrx_word' id='word_1_280' title='bbox 468 3014 583 3073; x_wconf 80' lang='lat' dir='ltr'><strong>Adamo</strong></span> <span class='ocrx_word' id='word_1_281' title='bbox 598 3014 637 3073; x_wconf 87' lang='lat' dir='ltr'><strong>ad</strong></span> <span class='ocrx_word' id='word_1_282' title='bbox 652 3013 816 3072; x_wconf 89' lang='lat' dir='ltr'><strong>secandum</strong></span> <span class='ocrx_word' id='word_1_283' title='bbox 829 3032 940 3070; x_wconf 86' lang='lat' dir='ltr'><strong>annam</strong></span> <span class='ocrx_word' id='word_1_284' title='bbox 956 3012 1034 3071; x_wconf 85' lang='lat' dir='ltr'><strong>llarii</strong></span> <span class='ocrx_word' id='word_1_285' title='bbox 1048 3013 1131 3076; x_wconf 81' lang='grc'><strong>4770</strong></span> <span class='ocrx_word' id='word_1_286' title='bbox 1145 3015 1221 3069; x_wconf 73' lang='lat' dir='ltr'><strong>attrei</strong></span> <span class='ocrx_word' id='word_1_287' title='bbox 1235 3029 1291 3069; x_wconf 88' lang='lat' dir='ltr'><strong>nu·</strong></span> 
     </span>
     <span class='ocr_line' id='line_1_32' title="bbox 189 3095 1292 3176; baseline -0.001 -22"><span class='ocrx_word' id='word_1_288' title='bbox 189 3102 367 3167; x_wconf 85' lang='lat' dir='ltr'><strong>merantur,</strong></span> <span class='ocrx_word' id='word_1_289' title='bbox 389 3105 419 3154; x_wconf 86' lang='lat' dir='ltr'><strong>et</strong></span> <span class='ocrx_word' id='word_1_290' title='bbox 438 3118 456 3155; x_wconf 89' lang='lat' dir='ltr'><strong>a</strong></span> <span class='ocrx_word' id='word_1_291' title='bbox 480 3098 611 3157; x_wconf 82' lang='lat' dir='ltr'><strong>secundo</strong></span> <span class='ocrx_word' id='word_1_292' title='bbox 636 3118 714 3156; x_wconf 88' lang='lat' dir='ltr'><strong>anno</strong></span> <span class='ocrx_word' id='word_1_293' title='bbox 731 3096 811 3155; x_wconf 84' lang='lat' dir='ltr'><strong>Darii</strong></span> <span class='ocrx_word' id='word_1_294' title='bbox 825 3116 919 3176; x_wconf 89' lang='lat' dir='ltr'><strong>usqae</strong></span> <span class='ocrx_word' id='word_1_295' title='bbox 937 3096 976 3155; x_wconf 86' lang='lat' dir='ltr'><strong>sd</strong></span> <span class='ocrx_word' id='word_1_296' title='bbox 987 3096 1133 3155; x_wconf 88' lang='lat' dir='ltr'><strong>decimum</strong></span> <span class='ocrx_word' id='word_1_297' title='bbox 1151 3095 1292 3172; x_wconf 83' lang='lat' dir='ltr'><strong>quintum</strong></span> 
     </span>
     <span class='ocr_line' id='line_1_33' title="bbox 190 3178 1289 3259; baseline -0.001 -19"><span class='ocrx_word' id='word_1_298' title='bbox 190 3178 307 3240; x_wconf 81' lang='lat' dir='ltr'><strong>Tiberii</strong></span> <span class='ocrx_word' id='word_1_299' title='bbox 329 3179 407 3255; x_wconf 77' lang='lat'><strong>548,</strong></span> <span class='ocrx_word' id='word_1_300' title='bbox 430 3202 497 3259; x_wconf 80' lang='lat' dir='ltr'><strong>ergo</strong></span> <span class='ocrx_word' id='word_1_301' title='bbox 512 3183 680 3241; x_wconf 86' lang='lat' dir='ltr'><strong>summatim</strong></span> <span class='ocrx_word' id='word_1_302' title='bbox 695 3184 796 3247; x_wconf 74' lang='lat'><strong>53182</strong></span> <span class='ocrx_word' id='word_1_303' title='bbox 818 3181 855 3240; x_wconf 89' lang='lat' dir='ltr'><strong>de</strong></span> <span class='ocrx_word' id='word_1_304' title='bbox 869 3181 975 3258; x_wconf 90' lang='lat' dir='ltr'><strong>quibus</strong></span> <span class='ocrx_word' id='word_1_305' title='bbox 989 3181 1013 3239; x_wconf 91' lang='lat' dir='ltr'><strong>si</strong></span> <span class='ocrx_word' id='word_1_306' title='bbox 1025 3184 1066 3244; x_wconf 86' lang='lat'><strong>30</strong></span> <span class='ocrx_word' id='word_1_307' title='bbox 1077 3179 1216 3257; x_wconf 87' lang='lat' dir='ltr'><strong>detrahis,</strong></span> <span class='ocrx_word' id='word_1_308' title='bbox 1238 3199 1289 3239; x_wconf 84' lang='lat' dir='ltr'><strong>re·</strong></span> 
     </span>
     <span class='ocr_line' id='line_1_34' title="bbox 189 3262 1290 3343; baseline 0 -19"><span class='ocrx_word' id='word_1_309' title='bbox 189 3273 254 3324; x_wconf 88' lang='lat' dir='ltr'><strong>stat</strong></span> <span class='ocrx_word' id='word_1_310' title='bbox 275 3262 390 3343; x_wconf 87' lang='lat' dir='ltr'><strong>primas</strong></span> <span class='ocrx_word' id='word_1_311' title='bbox 413 3284 508 3325; x_wconf 90' lang='lat' dir='ltr'><strong>annas</strong></span> <span class='ocrx_word' id='word_1_312' title='bbox 534 3266 645 3325; x_wconf 88' lang='lat' dir='ltr'><strong>Christi</strong></span> <span class='ocrx_word' id='word_1_313' title='bbox 668 3268 760 3331; x_wconf 77' lang='lat'><strong>5288.</strong></span> <span class='ocrx_word' id='word_1_314' title='bbox 784 3296 825 3312; x_wconf 89' lang='lat'>-</span> <span class='ocrx_word' id='word_1_315' title='bbox 846 3266 938 3342; x_wconf 81' lang='lat' dir='ltr'><strong>Magis</strong></span> <span class='ocrx_word' id='word_1_316' title='bbox 954 3264 1011 3323; x_wconf 89' lang='lat' dir='ltr'><strong>hac</strong></span> <span class='ocrx_word' id='word_1_317' title='bbox 1027 3263 1207 3324; x_wconf 88' lang='lat' dir='ltr'><strong>dissensione</strong></span> <span class='ocrx_word' id='word_1_318' title='bbox 1221 3285 1290 3324; x_wconf 90' lang='lat' dir='ltr'><strong>nro·</strong></span> 
     </span>
     <span class='ocr_line' id='line_1_35' title="bbox 189 3346 1291 3429; baseline -0.004 -18"><span class='ocrx_word' id='word_1_319' title='bbox 189 3367 293 3423; x_wconf 84' lang='lat' dir='ltr'><strong>verer,</strong></span> <span class='ocrx_word' id='word_1_320' title='bbox 313 3346 372 3407; x_wconf 87' lang='lat' dir='ltr'><strong>uisi</strong></span> <span class='ocrx_word' id='word_1_321' title='bbox 391 3368 491 3408; x_wconf 86' lang='lat' dir='ltr'><strong>omnes</strong></span> <span class='ocrx_word' id='word_1_322' title='bbox 507 3350 568 3410; x_wconf 80' lang='lat' dir='ltr'><strong>iere</strong></span> <span class='ocrx_word' id='word_1_323' title='bbox 589 3371 727 3409; x_wconf 86' lang='lat' dir='ltr'><strong>numeros</strong></span> <span class='ocrx_word' id='word_1_324' title='bbox 745 3348 835 3407; x_wconf 89' lang='lat' dir='ltr'><strong>huius</strong></span> <span class='ocrx_word' id='word_1_325' title='bbox 850 3349 910 3407; x_wconf 93' lang='lat' dir='ltr'><strong>loci</strong></span> <span class='ocrx_word' id='word_1_326' title='bbox 926 3347 1115 3427; x_wconf 80' lang='lat' dir='ltr'><strong>perturbatos</strong></span> <span class='ocrx_word' id='word_1_327' title='bbox 1128 3371 1164 3408; x_wconf 93' lang='lat' dir='ltr'><strong>ac</strong></span> <span class='ocrx_word' id='word_1_328' title='bbox 1180 3350 1291 3429; x_wconf 88' lang='lat' dir='ltr'><strong>depra-</strong></span> 
     </span>
     <span class='ocr_line' id='line_1_36' title="bbox 186 3432 1291 3516; baseline 0 -22"><span class='ocrx_word' id='word_1_329' title='bbox 186 3442 281 3494; x_wconf 87' lang='lat' dir='ltr'><strong>vatos</strong></span> <span class='ocrx_word' id='word_1_330' title='bbox 295 3451 358 3492; x_wconf 86' lang='lat' dir='ltr'><strong>esse</strong></span> <span class='ocrx_word' id='word_1_331' title='bbox 372 3433 603 3496; x_wconf 86' lang='lat' dir='ltr'><strong>luculentrssime</strong></span> <span class='ocrx_word' id='word_1_332' title='bbox 610 3442 776 3516; x_wconf 89' lang='lat' dir='ltr'><strong>appareret</strong></span> <span class='ocrx_word' id='word_1_333' title='bbox 799 3432 845 3492; x_wconf 85' lang='lat' dir='ltr'><strong>Ita</strong></span> <span class='ocrx_word' id='word_1_334' title='bbox 858 3434 943 3493; x_wconf 91' lang='lat' dir='ltr'><strong>locus</strong></span> <span class='ocrx_word' id='word_1_335' title='bbox 957 3433 987 3493; x_wconf 93' lang='lat' dir='ltr'><strong>in</strong></span> <span class='ocrx_word' id='word_1_336' title='bbox 1004 3434 1143 3513; x_wconf 76' lang='lat' dir='ltr'><strong>scaligeri</strong></span> <span class='ocrx_word' id='word_1_337' title='bbox 1160 3434 1291 3495; x_wconf 84' lang='lat' dir='ltr'><strong>editions</strong></span> 
     </span>
     <span class='ocr_line' id='line_1_37' title="bbox 188 3529 424 3579; baseline -0.005 0"><span class='ocrx_word' id='word_1_338' title='bbox 188 3538 228 3579; x_wconf 69' lang='lat' dir='ltr'><strong>ea</strong></span> <span class='ocrx_word' id='word_1_339' title='bbox 255 3529 424 3578; x_wconf 86' lang='lat' dir='ltr'><strong>ressusest:</strong></span> 
     </span>
    </p>

    <p class='ocr_par' dir='ltr' id='par_1_5' title="bbox 220 3540 1290 3851">
     <span class='ocr_line' id='line_1_38' title="bbox 220 3540 1290 3709; baseline -0.003 -43.974"><span class='ocrx_word' id='word_1_340' title='bbox 220 3540 386 3667; x_wconf 76' lang='lat' dir='ltr'>⁸l1r⁸⁸di⁸</span> <span class='ocrx_word' id='word_1_341' title='bbox 349 3627 386 3665; x_wconf 85' lang='grc' dir='ltr'><strong>ια</strong></span> <span class='ocrx_word' id='word_1_342' title='bbox 402 3598 461 3666; x_wconf 75' lang='lat' dir='ltr'><strong>alac</strong></span> <span class='ocrx_word' id='word_1_343' title='bbox 454 3592 602 3683; x_wconf 76' lang='lat' dir='ltr'><strong>⁸’Addp&#39;&#39;</strong></span> <span class='ocrx_word' id='word_1_344' title='bbox 584 3626 640 3675; x_wconf 84' lang='grc' dir='ltr'><strong>εως</strong></span> <span class='ocrx_word' id='word_1_345' title='bbox 654 3599 794 3682; x_wconf 74' lang='grc' dir='ltr'><strong><em>δευτέρου</em></strong></span> <span class='ocrx_word' id='word_1_346' title='bbox 810 3599 894 3675; x_wconf 73' lang='grc' dir='ltr'>ἔτους</span> <span class='ocrx_word' id='word_1_347' title='bbox 909 3604 1090 3709; x_wconf 78' lang='lat' dir='ltr'><strong>Aapsloa.</strong></span> <span class='ocrx_word' id='word_1_348' title='bbox 1133 3603 1182 3681; x_wconf 73' lang='grc' dir='ltr'><strong>ἔτη</strong></span> <span class='ocrx_word' id='word_1_349' title='bbox 1199 3595 1290 3685; x_wconf 74' lang='grc' dir='ltr'><strong>ὀψο</strong></span> 
     </span>
     <span class='ocr_line' id='line_1_39' title="bbox 236 3680 1288 3794; baseline -0.001 -46"><span class='ocrx_word' id='word_1_350' title='bbox 236 3685 352 3750; x_wconf 68' lang='lat' dir='ltr'><strong>nat·</strong></span> <span class='ocrx_word' id='word_1_351' title='bbox 314 3712 352 3750; x_wconf 85' lang='grc' dir='ltr'><strong>τοι</strong></span> <span class='ocrx_word' id='word_1_352' title='bbox 367 3683 427 3752; x_wconf 79' lang='lat' dir='ltr'><strong>aino</strong></span> <span class='ocrx_word' id='word_1_353' title='bbox 421 3685 673 3794; x_wconf 59' lang='lat' dir='ltr'><strong>&#39;destinavimus</strong></span> <span class='ocrx_word' id='word_1_354' title='bbox 681 3688 813 3769; x_wconf 84' lang='grc' dir='ltr'>Δαρειου</span> <span class='ocrx_word' id='word_1_355' title='bbox 822 3684 919 3751; x_wconf 72' lang='grc' dir='ltr'>εἰιιιο</span> <span class='ocrx_word' id='word_1_356' title='bbox 931 3712 957 3750; x_wconf 86' lang='grc' dir='ltr'><strong>ιε</strong></span> <span class='ocrx_word' id='word_1_357' title='bbox 956 3685 1118 3769; x_wconf 80' lang='grc' dir='ltr'>’Τιβερίου</span> <span class='ocrx_word' id='word_1_358' title='bbox 1132 3688 1182 3765; x_wconf 77' lang='grc' dir='ltr'><strong>ἔτη</strong></span> <span class='ocrx_word' id='word_1_359' title='bbox 1204 3680 1288 3764; x_wconf 72' lang='grc' dir='ltr'>φμιί.</span> 
     </span>
     <span class='ocr_line' id='line_1_40' title="bbox 233 3766 1289 3870; baseline 0.002 -39.019"><span class='ocrx_word' id='word_1_360' title='bbox 233 3767 329 3850; x_wconf 85' lang='grc' dir='ltr'><strong>0μοῦ</strong></span> <span class='ocrx_word' id='word_1_361' title='bbox 349 3770 385 3835; x_wconf 79' lang='lat' dir='ltr'><strong>rol</strong></span> <span class='ocrx_word' id='word_1_362' title='bbox 405 3770 504 3837; x_wconf 74' lang='grc' dir='ltr'><strong><em>πάντα</em></strong></span> <span class='ocrx_word' id='word_1_363' title='bbox 526 3768 585 3836; x_wconf 77' lang='grc' dir='ltr'><strong>ἄπο</strong></span> <span class='ocrx_word' id='word_1_364' title='bbox 579 3766 696 3851; x_wconf 83' lang='lat' dir='ltr'><strong>⁸&#39;Ada⁸p</strong></span> <span class='ocrx_word' id='word_1_365' title='bbox 716 3771 764 3834; x_wconf 75' lang='grc' dir='ltr'><strong>ἐπὶ</strong></span> <span class='ocrx_word' id='word_1_366' title='bbox 786 3796 819 3837; x_wconf 85' lang='grc' dir='ltr'><strong>ιο</strong></span> <span class='ocrx_word' id='word_1_367' title='bbox 813 3769 1101 3837; x_wconf 70' lang='grc' dir='ltr'>’πεντεκαιδέκατον</span> <span class='ocrx_word' id='word_1_368' title='bbox 1115 3772 1181 3842; x_wconf 73' lang='grc' dir='ltr'><strong>ἔτος</strong></span> <span class='ocrx_word' id='word_1_369' title='bbox 1201 3772 1289 3870; x_wconf 83' lang='grc' dir='ltr'>Τιβε-</span> 
     </span>
    </p>
   </div>
   <div class='ocr_carea' id='block_1_3' title="bbox 278 3847 1390 3957">
    <p class='ocr_par' dir='ltr' id='par_1_6' title="bbox 278 3847 1390 3957">
     <span class='ocr_line' id='line_1_41' title="bbox 278 3847 1390 3957; baseline -0.001 -40"><span class='ocrx_word' id='word_1_370' title='bbox 278 3856 345 3957; x_wconf 75' lang='grc' dir='ltr'>ρίου</span> <span class='ocrx_word' id='word_1_371' title='bbox 348 3900 1127 3919; x_wconf 87' lang='grc'><strong>.................</strong></span> <span class='ocrx_word' id='word_1_372' title='bbox 1168 3854 1217 3932; x_wconf 78' lang='grc' dir='ltr'><strong>ἔτη</strong></span> <span class='ocrx_word' id='word_1_373' title='bbox 1236 3847 1289 3916; x_wconf 82' lang='lat' dir='ltr'><strong>ore‘</strong></span> <span class='ocrx_word' id='word_1_374' title='bbox 1380 3876 1390 3885; x_wconf 52' lang='lat'>³</span> 
     </span>
    </p>
   </div>
   <div class='ocr_carea' id='block_1_4' title="bbox 234 3900 1290 4127">
    <p class='ocr_par' dir='ltr' id='par_1_7' title="bbox 234 3900 1290 4107">
     <span class='ocr_line' id='line_1_42' title="bbox 234 3900 1290 4022; baseline 0.003 -26.02"><span class='ocrx_word' id='word_1_375' title='bbox 234 3926 309 3999; x_wconf 87' lang='grc' dir='ltr'><strong>Ἀιιὸ</strong></span> <span class='ocrx_word' id='word_1_376' title='bbox 332 3939 364 4001; x_wconf 80' lang='grc' dir='ltr'><strong>δὲ</strong></span> <span class='ocrx_word' id='word_1_377' title='bbox 384 3900 647 4007; x_wconf 77' lang='lat' dir='ltr'><strong>araasaardeaoiwv</strong></span> <span class='ocrx_word' id='word_1_378' title='bbox 671 3939 755 4014; x_wconf 76' lang='grc' dir='ltr'>ἔτους</span> <span class='ocrx_word' id='word_1_379' title='bbox 771 3942 909 4022; x_wconf 79' lang='grc' dir='ltr'>Τιβερίου</span> <span class='ocrx_word' id='word_1_380' title='bbox 931 3940 1030 4007; x_wconf 76' lang='grc' dir='ltr'>ἕιιὶ“</span> <span class='ocrx_word' id='word_1_381' title='bbox 997 3966 1053 4022; x_wconf 80' lang='grc' dir='ltr'><strong>την</strong></span> <span class='ocrx_word' id='word_1_382' title='bbox 1068 3940 1290 4017; x_wconf 78' lang='grc' dir='ltr'>ιῖκοσαειηρίδα</span> 
     </span>
     <span class='ocr_line' id='line_1_43' title="bbox 282 4022 1290 4127; baseline 0.005 -46"><span class='ocrx_word' id='word_1_383' title='bbox 282 4025 511 4122; x_wconf 80' lang='grc' dir='ltr'>Κιινσιανιίυου</span> <span class='ocrx_word' id='word_1_384' title='bbox 534 4053 588 4091; x_wconf 86' lang='grc' dir='ltr'><strong>του</strong></span> <span class='ocrx_word' id='word_1_385' title='bbox 577 4031 747 4106; x_wconf 71' lang='lat' dir='ltr'><strong>Naupacti</strong></span> <span class='ocrx_word' id='word_1_386' title='bbox 769 4028 940 4107; x_wconf 79' lang='grc' dir='ltr'>Σεβαστοῦ,</span> <span class='ocrx_word' id='word_1_387' title='bbox 961 4024 1036 4090; x_wconf 75' lang='lat' dir='ltr'><strong>uasti</strong></span> <span class='ocrx_word' id='word_1_388' title='bbox 1055 4023 1185 4105; x_wconf 76' lang='lat' dir='ltr'><strong>nivaria</strong></span> <span class='ocrx_word' id='word_1_389' title='bbox 1202 4022 1290 4127; x_wconf 82' lang='grc' dir='ltr'>ἕβδο-</span> 
     </span>
    </p>
   </div>
   <div class='ocr_carea' id='block_1_5' title="bbox 186 4100 1290 4361">
    <p class='ocr_par' dir='ltr' id='par_1_8' title="bbox 186 4100 1289 4361">
     <span class='ocr_line' id='line_1_44' title="bbox 186 4100 1289 4290; baseline -0.003 -36"><span class='ocrx_word' id='word_1_390' title='bbox 186 4100 647 4290; x_wconf 51' lang='grc' dir='ltr'><strong>Νυΰιὲξκὲ1ν5α1ἕσῖεἰνιεῑία5518</strong></span> <span class='ocrx_word' id='word_1_391' title='bbox 668 4190 690 4281; x_wconf 88' lang='lat'>(</span> <span class='ocrx_word' id='word_1_392' title='bbox 692 4155 783 4279; x_wconf 60' lang='lat' dir='ltr'><strong>eoiap&#39;l</strong></span> <span class='ocrx_word' id='word_1_393' title='bbox 802 4154 834 4255; x_wconf 83' lang='lat' dir='ltr'><strong>iri</strong></span> <span class='ocrx_word' id='word_1_394' title='bbox 854 4156 944 4273; x_wconf 68' lang='lat' dir='ltr'><strong>lacis,</strong></span> <span class='ocrx_word' id='word_1_395' title='bbox 969 4159 1000 4254; x_wconf 88' lang='lat' dir='ltr'><strong>in</strong></span> <span class='ocrx_word' id='word_1_396' title='bbox 1020 4103 1289 4273; x_wconf 48' lang='lat' dir='ltr'><strong>‹inibasilbigiiriliiii</strong></span> 
     </span>
     <span class='ocr_line' id='line_1_45' title="bbox 186 4274 1290 4361; baseline 0.002 -28"><span class='ocrx_word' id='word_1_397' title='bbox 186 4294 319 4355; x_wconf 88' lang='lat' dir='ltr'><strong>prorsus</strong></span> <span class='ocrx_word' id='word_1_398' title='bbox 335 4274 428 4355; x_wconf 88' lang='lat' dir='ltr'><strong>inepti</strong></span> <span class='ocrx_word' id='word_1_399' title='bbox 443 4292 526 4339; x_wconf 86' lang='lat' dir='ltr'><strong>sunt:</strong></span> <span class='ocrx_word' id='word_1_400' title='bbox 549 4285 688 4342; x_wconf 86' lang='lat' dir='ltr'><strong>etsivcro</strong></span> <span class='ocrx_word' id='word_1_401' title='bbox 704 4292 892 4361; x_wconf 86' lang='lat' dir='ltr'><strong>transponas,</strong></span> <span class='ocrx_word' id='word_1_402' title='bbox 912 4290 1017 4341; x_wconf 87' lang='lat' dir='ltr'><strong>neuter</strong></span> <span class='ocrx_word' id='word_1_403' title='bbox 1031 4297 1120 4337; x_wconf 85' lang='lat' dir='ltr'><strong>verus</strong></span> <span class='ocrx_word' id='word_1_404' title='bbox 1136 4278 1179 4338; x_wconf 84' lang='lat' dir='ltr'><strong>fit</strong></span> <span class='ocrx_word' id='word_1_405' title='bbox 1222 4279 1290 4336; x_wconf 71' lang='lat' dir='ltr'><strong>tnt-</strong></span> 
     </span>
    </p>
   </div>
   <div class='ocr_carea' id='block_1_6' title="bbox 187 4362 1289 4443">
    <p class='ocr_par' dir='ltr' id='par_1_9' title="bbox 187 4362 1289 4443">
     <span class='ocr_line' id='line_1_46' title="bbox 187 4362 1289 4443; baseline 0 -24"><span class='ocrx_word' id='word_1_406' title='bbox 187 4378 244 4419; x_wconf 86' lang='lat' dir='ltr'><strong>sae</strong></span> <span class='ocrx_word' id='word_1_407' title='bbox 267 4370 365 4421; x_wconf 82' lang='lat' dir='ltr'><strong>tamen</strong></span> <span class='ocrx_word' id='word_1_408' title='bbox 388 4366 604 4443; x_wconf 86' lang='lat' dir='ltr'><strong>computationi</strong></span> <span class='ocrx_word' id='word_1_409' title='bbox 625 4387 770 4427; x_wconf 85' lang='lat' dir='ltr'><strong>annorum</strong></span> <span class='ocrx_word' id='word_1_410' title='bbox 791 4368 875 4435; x_wconf 87' lang='grc'><strong>4770</strong></span> <span class='ocrx_word' id='word_1_411' title='bbox 895 4364 1044 4427; x_wconf 87' lang='lat' dir='ltr'><strong>consentit</strong></span> <span class='ocrx_word' id='word_1_412' title='bbox 1063 4384 1195 4441; x_wconf 88' lang='lat' dir='ltr'><strong>summa,</strong></span> <span class='ocrx_word' id='word_1_413' title='bbox 1216 4363 1241 4421; x_wconf 92' lang='lat' dir='ltr'><strong>si</strong></span> <span class='ocrx_word' id='word_1_414' title='bbox 1256 4362 1289 4419; x_wconf 94' lang='lat' dir='ltr'><strong>in</strong></span> 
     </span>
    </p>
   </div>
   <div class='ocr_carea' id='block_1_7' title="bbox 0 0 1560 4959">
    <p class='ocr_par' dir='ltr' id='par_1_10' title="bbox 0 0 1560 4959">
     <span class='ocr_line' id='line_1_47' title="bbox 0 0 1560 4959; baseline 0 7"><span class='ocrx_word' id='word_1_415' title='bbox 0 0 1560 4959; x_wconf 95' lang='lat' dir='ltr'><strong> </strong></span> 
     </span>
    </p>
   </div>
  </div>
 </body>
</html>
