<?xml version="1.0" encoding="UTF-8"?>
<!DOCTYPE html PUBLIC "-//W3C//DTD XHTML 1.0 Transitional//EN"
    "http://www.w3.org/TR/xhtml1/DTD/xhtml1-transitional.dtd">
<html xmlns="http://www.w3.org/1999/xhtml" xml:lang="en" lang="en">
 <head>
  <title>
</title>
<meta http-equiv="Content-Type" content="text/html;charset=utf-8" />
  <meta name='ocr-system' content='tesseract 3.04.00' />
  <meta name='ocr-capabilities' content='ocr_page ocr_carea ocr_par ocr_line ocrx_word'/>
</head>
<body>
  <div class='ocr_page' id='page_1' title='image "./corpusscriptoru33theogoog_0384.png"; bbox 0 0 3109 4959; ppageno 0'>
   <div class='ocr_carea' id='block_1_1' title="bbox 259 421 967 502">
    <p class='ocr_par' dir='ltr' id='par_1_1' title="bbox 259 421 967 502">
     <span class='ocr_line' id='line_1_1' title="bbox 259 421 967 502; baseline 0.011 -9"><span class='ocrx_word' id='word_1_1' title='bbox 259 421 336 494; x_wconf 73' lang='lat'><strong>368</strong></span> <span class='ocrx_word' id='word_1_2' title='bbox 614 429 967 502; x_wconf 80' lang='lat' dir='ltr'><strong>EMENDATIONES</strong></span> 
     </span>
    </p>
   </div>
   <div class='ocr_carea' id='block_1_2' title="bbox 254 584 1360 1804">
    <p class='ocr_par' dir='ltr' id='par_1_2' title="bbox 255 584 1360 907">
     <span class='ocr_line' id='line_1_2' title="bbox 258 584 1359 674; baseline 0.006 -27"><span class='ocrx_word' id='word_1_3' title='bbox 258 587 333 648; x_wconf 85' lang='lat' dir='ltr'><strong>tima</strong></span> <span class='ocrx_word' id='word_1_4' title='bbox 346 586 380 648; x_wconf 86' lang='lat' dir='ltr'><strong>iu</strong></span> <span class='ocrx_word' id='word_1_5' title='bbox 390 607 547 670; x_wconf 73' lang='lat' dir='ltr'><strong>proccessu</strong></span> <span class='ocrx_word' id='word_1_6' title='bbox 558 596 641 663; x_wconf 86' lang='lat' dir='ltr'><strong>uoto,</strong></span> <span class='ocrx_word' id='word_1_7' title='bbox 655 606 713 668; x_wconf 84' lang='lat' dir='ltr'><strong>qua</strong></span> <span class='ocrx_word' id='word_1_8' title='bbox 728 606 767 646; x_wconf 83' lang='lat' dir='ltr'><strong>ex</strong></span> <span class='ocrx_word' id='word_1_9' title='bbox 782 585 909 646; x_wconf 81' lang='lat' dir='ltr'><strong>Eusebio</strong></span> <span class='ocrx_word' id='word_1_10' title='bbox 924 594 955 648; x_wconf 85' lang='lat' dir='ltr'><strong>et</strong></span> <span class='ocrx_word' id='word_1_11' title='bbox 965 584 1064 649; x_wconf 83' lang='lat' dir='ltr'><strong>Pierio</strong></span> <span class='ocrx_word' id='word_1_12' title='bbox 1077 605 1191 672; x_wconf 74' lang='lat' dir='ltr'><strong>sunum</strong></span> <span class='ocrx_word' id='word_1_13' title='bbox 1202 591 1359 674; x_wconf 77' lang='lat' dir='ltr'><strong>Aegyptiis</strong></span> 
     </span>
     <span class='ocr_line' id='line_1_3' title="bbox 258 665 1359 756; baseline 0.003 -21"><span class='ocrx_word' id='word_1_14' title='bbox 258 665 340 755; x_wconf 77' lang='grc' dir='ltr'><strong><em>ὦρον</em></strong></span> <span class='ocrx_word' id='word_1_15' title='bbox 358 674 430 734; x_wconf 86' lang='lat' dir='ltr'><strong>olim</strong></span> <span class='ocrx_word' id='word_1_16' title='bbox 446 675 561 734; x_wconf 86' lang='lat' dir='ltr'><strong>dictum</strong></span> <span class='ocrx_word' id='word_1_17' title='bbox 578 672 729 752; x_wconf 72' lang='lat' dir='ltr'>exposuit.</span> <span class='ocrx_word' id='word_1_18' title='bbox 771 674 924 732; x_wconf 76' lang='lat' dir='ltr'><strong>Summam</strong></span> <span class='ocrx_word' id='word_1_19' title='bbox 937 692 1030 752; x_wconf 85' lang='lat' dir='ltr'><strong>porro</strong></span> <span class='ocrx_word' id='word_1_20' title='bbox 1051 669 1133 756; x_wconf 69' lang='lat' dir='ltr'><strong>nep&#39;.</strong></span> <span class='ocrx_word' id='word_1_21' title='bbox 1149 676 1182 736; x_wconf 87' lang='lat' dir='ltr'><strong>id</strong></span> <span class='ocrx_word' id='word_1_22' title='bbox 1200 687 1265 748; x_wconf 80' lang='lat' dir='ltr'><strong>est,</strong></span> <span class='ocrx_word' id='word_1_23' title='bbox 1285 681 1359 745; x_wconf 83' lang='grc'><strong>868.</strong></span> 
     </span>
     <span class='ocr_line' id='line_1_4' title="bbox 255 757 1360 842; baseline 0.005 -24"><span class='ocrx_word' id='word_1_24' title='bbox 255 757 409 819; x_wconf 84' lang='lat' dir='ltr'><strong>Horarum</strong></span> <span class='ocrx_word' id='word_1_25' title='bbox 429 758 692 838; x_wconf 79' lang='lat' dir='ltr'><strong>quadrimestrium</strong></span> <span class='ocrx_word' id='word_1_26' title='bbox 707 757 779 817; x_wconf 83' lang='lat' dir='ltr'><strong>enni</strong></span> <span class='ocrx_word' id='word_1_27' title='bbox 798 757 909 820; x_wconf 88' lang='lat' dir='ltr'><strong>solares</strong></span> <span class='ocrx_word' id='word_1_28' title='bbox 933 759 1056 819; x_wconf 84' lang='lat' dir='ltr'><strong>ducenti</strong></span> <span class='ocrx_word' id='word_1_29' title='bbox 1078 763 1307 842; x_wconf 75' lang='lat' dir='ltr'><strong>quatuordecim</strong></span> <span class='ocrx_word' id='word_1_30' title='bbox 1327 772 1360 826; x_wconf 87' lang='lat' dir='ltr'><strong>et</strong></span> 
     </span>
     <span class='ocr_line' id='line_1_5' title="bbox 255 844 536 907; baseline 0 -3"><span class='ocrx_word' id='word_1_31' title='bbox 255 844 374 907; x_wconf 80' lang='lat' dir='ltr'><strong>medios</strong></span> <span class='ocrx_word' id='word_1_32' title='bbox 390 844 536 904; x_wconf 81' lang='lat' dir='ltr'><strong>efficiunt.</strong></span> 
     </span>
    </p>

    <p class='ocr_par' dir='ltr' id='par_1_3' title="bbox 256 937 1358 1193">
     <span class='ocr_line' id='line_1_6' title="bbox 341 937 1357 1028; baseline 0.002 -24"><span class='ocrx_word' id='word_1_33' title='bbox 341 937 462 1028; x_wconf 51' lang='grc' dir='ltr'><strong>,αρπγ’.]</strong></span> <span class='ocrx_word' id='word_1_34' title='bbox 484 942 565 1003; x_wconf 79' lang='lat' dir='ltr'><strong>Anni</strong></span> <span class='ocrx_word' id='word_1_35' title='bbox 582 947 656 1010; x_wconf 79' lang='lat'><strong>969.</strong></span> <span class='ocrx_word' id='word_1_36' title='bbox 671 942 736 1003; x_wconf 74' lang='lat' dir='ltr'><strong>ntis</strong></span> <span class='ocrx_word' id='word_1_37' title='bbox 750 941 821 1010; x_wconf 78' lang='lat'><strong>214.</strong></span> <span class='ocrx_word' id='word_1_38' title='bbox 836 951 865 1002; x_wconf 90' lang='lat' dir='ltr'><strong>et</strong></span> <span class='ocrx_word' id='word_1_39' title='bbox 878 943 976 1006; x_wconf 87' lang='lat' dir='ltr'><strong>medio</strong></span> <span class='ocrx_word' id='word_1_40' title='bbox 991 944 1089 1006; x_wconf 88' lang='lat' dir='ltr'><strong>iuncti</strong></span> <span class='ocrx_word' id='word_1_41' title='bbox 1101 964 1247 1006; x_wconf 80' lang='lat' dir='ltr'><strong>summum</strong></span> <span class='ocrx_word' id='word_1_42' title='bbox 1264 947 1357 1012; x_wconf 80' lang='lat'><strong>1183.</strong></span> 
     </span>
     <span class='ocr_line' id='line_1_7' title="bbox 257 1024 1358 1120; baseline 0.007 -35"><span class='ocrx_word' id='word_1_43' title='bbox 257 1047 328 1086; x_wconf 89' lang='lat' dir='ltr'><strong>cum</strong></span> <span class='ocrx_word' id='word_1_44' title='bbox 354 1027 453 1086; x_wconf 84' lang='lat' dir='ltr'><strong>uredio</strong></span> <span class='ocrx_word' id='word_1_45' title='bbox 483 1038 678 1108; x_wconf 89' lang='lat' dir='ltr'><strong>componunt.</strong></span> <span class='ocrx_word' id='word_1_46' title='bbox 720 1029 798 1107; x_wconf 79' lang='lat' dir='ltr'><strong>Lego</strong></span> <span class='ocrx_word' id='word_1_47' title='bbox 825 1029 919 1108; x_wconf 79' lang='lat' dir='ltr'><strong>igitur</strong></span> <span class='ocrx_word' id='word_1_48' title='bbox 939 1026 1045 1117; x_wconf 49' lang='lat' dir='ltr'><strong>‘opnyss</strong></span> <span class='ocrx_word' id='word_1_49' title='bbox 1072 1051 1138 1093; x_wconf 83' lang='lat' dir='ltr'><strong>non</strong></span> <span class='ocrx_word' id='word_1_50' title='bbox 1156 1024 1259 1120; x_wconf 55' lang='grc' dir='ltr'><strong><em>ἀρνί.</em></strong></span> <span class='ocrx_word' id='word_1_51' title='bbox 1300 1032 1358 1092; x_wconf 75' lang='lat' dir='ltr'><strong>rtis</strong></span> 
     </span>
     <span class='ocr_line' id='line_1_8' title="bbox 256 1113 674 1193; baseline 0 -21"><span class='ocrx_word' id='word_1_52' title='bbox 256 1113 361 1172; x_wconf 78' lang='lat' dir='ltr'><strong>affinia</strong></span> <span class='ocrx_word' id='word_1_53' title='bbox 376 1117 512 1193; x_wconf 65' lang='lat' dir='ltr'><strong>pap-32.</strong></span> <span class='ocrx_word' id='word_1_54' title='bbox 528 1116 674 1174; x_wconf 88' lang='lat' dir='ltr'><strong>consules.</strong></span> 
     </span>
    </p>

    <p class='ocr_par' dir='ltr' id='par_1_4' title="bbox 254 1209 1358 1804">
     <span class='ocr_line' id='line_1_9' title="bbox 341 1209 1358 1298; baseline 0.003 -23"><span class='ocrx_word' id='word_1_55' title='bbox 341 1210 429 1275; x_wconf 80' lang='lat' dir='ltr'><strong>Kutd</strong></span> <span class='ocrx_word' id='word_1_56' title='bbox 449 1209 506 1293; x_wconf 79' lang='grc' dir='ltr'><strong>τήν</strong></span> <span class='ocrx_word' id='word_1_57' title='bbox 527 1214 671 1298; x_wconf 77' lang='grc' dir='ltr'><strong><em>Ἑβραΐδα</em></strong></span> <span class='ocrx_word' id='word_1_58' title='bbox 693 1219 851 1295; x_wconf 81' lang='grc' dir='ltr'><strong><em>Μεστραῖα</em></strong></span> <span class='ocrx_word' id='word_1_59' title='bbox 876 1212 1050 1298; x_wconf 56' lang='grc' dir='ltr'><strong><em>λεγομένη]</em></strong></span> <span class='ocrx_word' id='word_1_60' title='bbox 1079 1227 1189 1280; x_wconf 61' lang='grc' dir='ltr'><strong>ῦῆκυ</strong></span> <span class='ocrx_word' id='word_1_61' title='bbox 1209 1215 1358 1278; x_wconf 70' lang='lat' dir='ltr'><strong>Hebraico</strong></span> 
     </span>
     <span class='ocr_line' id='line_1_10' title="bbox 255 1300 1358 1383; baseline 0.005 -27"><span class='ocrx_word' id='word_1_62' title='bbox 255 1318 319 1357; x_wconf 84' lang='lat' dir='ltr'><strong>vox</strong></span> <span class='ocrx_word' id='word_1_63' title='bbox 334 1307 396 1357; x_wconf 89' lang='lat' dir='ltr'><strong>tam</strong></span> <span class='ocrx_word' id='word_1_64' title='bbox 411 1300 572 1379; x_wconf 76' lang='lat' dir='ltr'><strong>Aegyptios</strong></span> <span class='ocrx_word' id='word_1_65' title='bbox 587 1321 675 1380; x_wconf 89' lang='lat' dir='ltr'><strong>quam</strong></span> <span class='ocrx_word' id='word_1_66' title='bbox 691 1302 858 1378; x_wconf 77' lang='lat' dir='ltr'><strong>Aegyptum</strong></span> <span class='ocrx_word' id='word_1_67' title='bbox 877 1303 980 1359; x_wconf 85' lang='lat' dir='ltr'><strong>ret&#39;ert.</strong></span> <span class='ocrx_word' id='word_1_68' title='bbox 1024 1305 1184 1383; x_wconf 79' lang='grc' dir='ltr'><strong><em>Μιστραῒν</em></strong></span> <span class='ocrx_word' id='word_1_69' title='bbox 1198 1303 1287 1381; x_wconf 76' lang='lat' dir='ltr'><strong>vulgo</strong></span> <span class='ocrx_word' id='word_1_70' title='bbox 1302 1322 1358 1361; x_wconf 88' lang='lat' dir='ltr'><strong>re·</strong></span> 
     </span>
     <span class='ocr_line' id='line_1_11' title="bbox 255 1383 1358 1467; baseline 0.005 -27"><span class='ocrx_word' id='word_1_71' title='bbox 255 1392 423 1463; x_wconf 80' lang='lat' dir='ltr'><strong>posuerunt</strong></span> <span class='ocrx_word' id='word_1_72' title='bbox 438 1405 510 1447; x_wconf 75' lang='lat' dir='ltr'><strong>cxx.</strong></span> <span class='ocrx_word' id='word_1_73' title='bbox 526 1387 627 1444; x_wconf 81' lang='lat' dir='ltr'><strong>Mesro</strong></span> <span class='ocrx_word' id='word_1_74' title='bbox 645 1395 674 1445; x_wconf 85' lang='lat' dir='ltr'><strong>ct</strong></span> <span class='ocrx_word' id='word_1_75' title='bbox 690 1387 799 1467; x_wconf 78' lang='lat' dir='ltr'><strong>Mesiri</strong></span> <span class='ocrx_word' id='word_1_76' title='bbox 817 1385 920 1449; x_wconf 89' lang='lat' dir='ltr'><strong>dicunt</strong></span> <span class='ocrx_word' id='word_1_77' title='bbox 935 1383 1024 1444; x_wconf 89' lang='lat' dir='ltr'><strong>hodie</strong></span> <span class='ocrx_word' id='word_1_78' title='bbox 1038 1387 1151 1445; x_wconf 79' lang='lat' dir='ltr'><strong>Tuscae</strong></span> <span class='ocrx_word' id='word_1_79' title='bbox 1166 1397 1195 1446; x_wconf 84' lang='lat' dir='ltr'><strong>ct</strong></span> <span class='ocrx_word' id='word_1_80' title='bbox 1209 1389 1319 1447; x_wconf 78' lang='lat' dir='ltr'><strong>Arabes</strong></span> <span class='ocrx_word' id='word_1_81' title='bbox 1338 1407 1358 1446; x_wconf 79' lang='grc' dir='ltr'>ι</span> 
     </span>
     <span class='ocr_line' id='line_1_12' title="bbox 254 1469 1358 1549; baseline 0.006 -23"><span class='ocrx_word' id='word_1_82' title='bbox 254 1469 354 1547; x_wconf 87' lang='lat' dir='ltr'><strong>primo</strong></span> <span class='ocrx_word' id='word_1_83' title='bbox 378 1489 544 1549; x_wconf 74' lang='lat' dir='ltr'><strong>possessore</strong></span> <span class='ocrx_word' id='word_1_84' title='bbox 564 1471 717 1546; x_wconf 84' lang='lat' dir='ltr'><strong>Mesraim,</strong></span> <span class='ocrx_word' id='word_1_85' title='bbox 747 1471 864 1548; x_wconf 90' lang='lat' dir='ltr'><strong>dequo</strong></span> <span class='ocrx_word' id='word_1_86' title='bbox 887 1473 993 1529; x_wconf 87' lang='lat' dir='ltr'><strong>Genes.</strong></span> <span class='ocrx_word' id='word_1_87' title='bbox 1019 1475 1069 1535; x_wconf 87' lang='grc'><strong>10.</strong></span> <span class='ocrx_word' id='word_1_88' title='bbox 1099 1473 1259 1532; x_wconf 81' lang='lat' dir='ltr'><strong>Cedrcnus.</strong></span> <span class='ocrx_word' id='word_1_89' title='bbox 1300 1471 1358 1546; x_wconf 68' lang='grc' dir='ltr'><strong>ἕως</strong></span> 
     </span>
     <span class='ocr_line' id='line_1_13' title="bbox 255 1547 1356 1638; baseline 0.002 -24"><span class='ocrx_word' id='word_1_90' title='bbox 255 1556 345 1614; x_wconf 77' lang='grc' dir='ltr'><strong><em>τοῦδε</em></strong></span> <span class='ocrx_word' id='word_1_91' title='bbox 358 1547 437 1634; x_wconf 82' lang='grc' dir='ltr'><strong><em>παρ’</em></strong></span> <span class='ocrx_word' id='word_1_92' title='bbox 453 1551 605 1638; x_wconf 74' lang='grc' dir='ltr'><strong><em>Ἑβραίοις</em></strong></span> <span class='ocrx_word' id='word_1_93' title='bbox 625 1556 678 1618; x_wconf 77' lang='lat' dir='ltr'><strong>sai</strong></span> <span class='ocrx_word' id='word_1_94' title='bbox 700 1549 814 1636; x_wconf 81' lang='grc' dir='ltr'><strong><em>Σύροις</em></strong></span> <span class='ocrx_word' id='word_1_95' title='bbox 830 1553 881 1616; x_wconf 69' lang='grc' dir='ltr'><strong>καὶ</strong></span> <span class='ocrx_word' id='word_1_96' title='bbox 899 1551 1016 1635; x_wconf 74' lang='grc' dir='ltr'><strong><em>’Ἁραψτ</em></strong></span> <span class='ocrx_word' id='word_1_97' title='bbox 1036 1559 1192 1637; x_wconf 83' lang='grc' dir='ltr'><strong><em>Μεστραῐα</em></strong></span> <span class='ocrx_word' id='word_1_98' title='bbox 1212 1561 1356 1620; x_wconf 80' lang='grc' dir='ltr'><strong><em>καλεῖται.</em></strong></span> 
     </span>
     <span class='ocr_line' id='line_1_14' title="bbox 255 1635 1356 1719; baseline 0.004 -24"><span class='ocrx_word' id='word_1_99' title='bbox 255 1635 313 1695; x_wconf 75' lang='lat' dir='ltr'><strong>Ad</strong></span> <span class='ocrx_word' id='word_1_100' title='bbox 323 1638 506 1717; x_wconf 76' lang='lat' dir='ltr'><strong>lacteusque</strong></span> <span class='ocrx_word' id='word_1_101' title='bbox 519 1652 654 1719; x_wconf 78' lang='lat' dir='ltr'><strong>tempora</strong></span> <span class='ocrx_word' id='word_1_102' title='bbox 671 1642 710 1700; x_wconf 82' lang='lat' dir='ltr'><strong>ab</strong></span> <span class='ocrx_word' id='word_1_103' title='bbox 721 1641 873 1700; x_wconf 77' lang='lat' dir='ltr'><strong>Hebraeis</strong></span> <span class='ocrx_word' id='word_1_104' title='bbox 885 1642 971 1718; x_wconf 55' lang='lat' dir='ltr'><strong>§yria</strong></span> <span class='ocrx_word' id='word_1_105' title='bbox 983 1650 1011 1696; x_wconf 82' lang='lat' dir='ltr'><strong>et</strong></span> <span class='ocrx_word' id='word_1_106' title='bbox 1026 1639 1186 1698; x_wconf 66' lang='lat' dir='ltr'><strong>Arabitai</strong></span> <span class='ocrx_word' id='word_1_107' title='bbox 1201 1641 1356 1700; x_wconf 73' lang='grc' dir='ltr'><strong>Μοοινατα</strong></span> 
     </span>
     <span class='ocr_line' id='line_1_15' title="bbox 254 1726 1294 1804; baseline 0.009 -26"><span class='ocrx_word' id='word_1_108' title='bbox 254 1726 433 1781; x_wconf 73' lang='lat' dir='ltr'><strong>imminetur</strong></span> <span class='ocrx_word' id='word_1_109' title='bbox 447 1728 607 1804; x_wconf 74' lang='lat' dir='ltr'><strong>Aegyptus.</strong></span> <span class='ocrx_word' id='word_1_110' title='bbox 1288 1746 1294 1758; x_wconf 84' lang='lat'>·</span> 
     </span>
    </p>
   </div>
   <div class='ocr_carea' id='block_1_3' title="bbox 252 1817 1356 2076">
    <p class='ocr_par' dir='ltr' id='par_1_5' title="bbox 252 1817 1356 2076">
     <span class='ocr_line' id='line_1_16' title="bbox 337 1817 1355 1909; baseline 0.006 -27"><span class='ocrx_word' id='word_1_111' title='bbox 337 1817 404 1885; x_wconf 80' lang='grc' dir='ltr'><strong>Ἐπὶ</strong></span> <span class='ocrx_word' id='word_1_112' title='bbox 419 1829 475 1906; x_wconf 75' lang='grc' dir='ltr'><strong>τῆς</strong></span> <span class='ocrx_word' id='word_1_113' title='bbox 495 1819 549 1887; x_wconf 82' lang='grc' dir='ltr'><strong>ιθ’.</strong></span> <span class='ocrx_word' id='word_1_114' title='bbox 567 1823 766 1909; x_wconf 65' lang='grc' dir='ltr'><strong><em>δυναστείας]</em></strong></span> <span class='ocrx_word' id='word_1_115' title='bbox 790 1826 943 1886; x_wconf 83' lang='lat' dir='ltr'><strong>Decimum</strong></span> <span class='ocrx_word' id='word_1_116' title='bbox 967 1823 1106 1904; x_wconf 86' lang='lat' dir='ltr'><strong>quintum</strong></span> <span class='ocrx_word' id='word_1_117' title='bbox 1126 1826 1285 1907; x_wconf 81' lang='lat' dir='ltr'><strong>Dynastiae</strong></span> <span class='ocrx_word' id='word_1_118' title='bbox 1304 1829 1355 1893; x_wconf 89' lang='lat'><strong>18.</strong></span> 
     </span>
     <span class='ocr_line' id='line_1_17' title="bbox 252 1909 1356 1990; baseline 0.005 -24"><span class='ocrx_word' id='word_1_119' title='bbox 252 1909 423 1969; x_wconf 78' lang='lat' dir='ltr'><strong>numerabis</strong></span> <span class='ocrx_word' id='word_1_120' title='bbox 445 1916 613 1990; x_wconf 78' lang='lat' dir='ltr'><strong>Aegyptum</strong></span> <span class='ocrx_word' id='word_1_121' title='bbox 634 1932 731 1990; x_wconf 80' lang='lat' dir='ltr'><strong>rogem</strong></span> <span class='ocrx_word' id='word_1_122' title='bbox 754 1912 879 1970; x_wconf 81' lang='lat' dir='ltr'><strong>inferius</strong></span> <span class='ocrx_word' id='word_1_123' title='bbox 902 1929 970 1990; x_wconf 83' lang='lat' dir='ltr'><strong>pag.</strong></span> <span class='ocrx_word' id='word_1_124' title='bbox 993 1915 1044 1974; x_wconf 82' lang='lat'><strong>72.</strong></span> <span class='ocrx_word' id='word_1_125' title='bbox 1066 1910 1099 1974; x_wconf 87' lang='grc' dir='ltr'><strong>Β.</strong></span> <span class='ocrx_word' id='word_1_126' title='bbox 1120 1921 1150 1971; x_wconf 87' lang='lat' dir='ltr'><strong>ct</strong></span> <span class='ocrx_word' id='word_1_127' title='bbox 1177 1916 1228 1980; x_wconf 84' lang='lat'><strong>73.</strong></span> <span class='ocrx_word' id='word_1_128' title='bbox 1250 1915 1285 1974; x_wconf 85' lang='grc' dir='ltr'><strong>Δ.</strong></span> <span class='ocrx_word' id='word_1_129' title='bbox 1311 1910 1356 1972; x_wconf 86' lang='lat' dir='ltr'><strong>ibi</strong></span> 
     </span>
     <span class='ocr_line' id='line_1_18' title="bbox 252 1993 1078 2076; baseline 0.005 -24"><span class='ocrx_word' id='word_1_130' title='bbox 252 1993 437 2070; x_wconf 80' lang='lat' dir='ltr'><strong>Ramnreses,</strong></span> <span class='ocrx_word' id='word_1_131' title='bbox 460 1993 510 2053; x_wconf 89' lang='lat' dir='ltr'><strong>bic</strong></span> <span class='ocrx_word' id='word_1_132' title='bbox 524 2001 673 2056; x_wconf 77' lang='lat' dir='ltr'><strong>dtrrsraescs</strong></span> <span class='ocrx_word' id='word_1_133' title='bbox 687 1997 814 2056; x_wconf 86' lang='lat' dir='ltr'><strong>dicitur:</strong></span> <span class='ocrx_word' id='word_1_134' title='bbox 836 1997 906 2054; x_wconf 83' lang='lat' dir='ltr'><strong>vide</strong></span> <span class='ocrx_word' id='word_1_135' title='bbox 922 2015 989 2076; x_wconf 81' lang='lat' dir='ltr'><strong>pag.</strong></span> <span class='ocrx_word' id='word_1_136' title='bbox 1008 1998 1078 2060; x_wconf 80' lang='grc' dir='ltr'><strong>160Ι</strong></span> 
     </span>
    </p>
   </div>
   <div class='ocr_carea' id='block_1_4' title="bbox 248 2090 1355 2750">
    <p class='ocr_par' dir='ltr' id='par_1_6' title="bbox 248 2090 1355 2750">
     <span class='ocr_line' id='line_1_19' title="bbox 299 2090 1355 2179; baseline -0.004 -19"><span class='ocrx_word' id='word_1_137' title='bbox 299 2093 301 2096; x_wconf 44' lang='grc'>’</span> <span class='ocrx_word' id='word_1_138' title='bbox 336 2096 405 2173; x_wconf 61' lang='lat' dir='ltr'><strong>Peg·</strong></span> <span class='ocrx_word' id='word_1_139' title='bbox 423 2093 575 2163; x_wconf 68' lang='lat' dir='ltr'><strong>dtMeed</strong></span> <span class='ocrx_word' id='word_1_140' title='bbox 589 2094 642 2160; x_wconf 75' lang='grc' dir='ltr'><strong>τάν</strong></span> <span class='ocrx_word' id='word_1_141' title='bbox 659 2095 864 2179; x_wconf 75' lang='grc' dir='ltr'><strong><em>κατακλυσμὸν</em></strong></span> <span class='ocrx_word' id='word_1_142' title='bbox 874 2097 922 2177; x_wconf 74' lang='grc' dir='ltr'><strong>ἔτη</strong></span> <span class='ocrx_word' id='word_1_143' title='bbox 938 2090 1031 2176; x_wconf 73' lang='grc' dir='ltr'><strong><em>φλδ’.]</em></strong></span> <span class='ocrx_word' id='word_1_144' title='bbox 1054 2094 1150 2156; x_wconf 90' lang='lat' dir='ltr'><strong>Habet</strong></span> <span class='ocrx_word' id='word_1_145' title='bbox 1162 2095 1237 2156; x_wconf 85' lang='lat' dir='ltr'><strong>baec</strong></span> <span class='ocrx_word' id='word_1_146' title='bbox 1252 2095 1355 2156; x_wconf 87' lang='lat' dir='ltr'><strong>eadem</strong></span> 
     </span>
     <span class='ocr_line' id='line_1_20' title="bbox 251 2175 1354 2262; baseline 0.002 -26"><span class='ocrx_word' id='word_1_147' title='bbox 251 2179 402 2240; x_wconf 84' lang='lat' dir='ltr'><strong>Codrcnus</strong></span> <span class='ocrx_word' id='word_1_148' title='bbox 416 2182 557 2240; x_wconf 87' lang='lat' dir='ltr'><strong>editionis</strong></span> <span class='ocrx_word' id='word_1_149' title='bbox 573 2184 677 2259; x_wconf 78' lang='lat' dir='ltr'>Regiae</span> <span class='ocrx_word' id='word_1_150' title='bbox 693 2186 745 2243; x_wconf 81' lang='lat' dir='ltr'><strong>sot.</strong></span> <span class='ocrx_word' id='word_1_151' title='bbox 763 2188 813 2250; x_wconf 81' lang='lat'><strong>11.</strong></span> <span class='ocrx_word' id='word_1_152' title='bbox 831 2207 847 2242; x_wconf 87' lang='lat' dir='ltr'><strong>a</strong></span> <span class='ocrx_word' id='word_1_153' title='bbox 864 2194 963 2260; x_wconf 80' lang='lat' dir='ltr'><strong>tergo,</strong></span> <span class='ocrx_word' id='word_1_154' title='bbox 986 2200 1045 2258; x_wconf 90' lang='lat' dir='ltr'><strong>quo</strong></span> <span class='ocrx_word' id='word_1_155' title='bbox 1063 2175 1139 2257; x_wconf 69' lang='lat' dir='ltr'><strong>pit.</strong></span> <span class='ocrx_word' id='word_1_156' title='bbox 1157 2191 1187 2240; x_wconf 86' lang='lat' dir='ltr'><strong>et</strong></span> <span class='ocrx_word' id='word_1_157' title='bbox 1201 2175 1276 2262; x_wconf 72' lang='lat' dir='ltr'><strong>piy‘.</strong></span> <span class='ocrx_word' id='word_1_158' title='bbox 1290 2201 1354 2238; x_wconf 84' lang='lat' dir='ltr'><strong>uu-</strong></span> 
     </span>
     <span class='ocr_line' id='line_1_21' title="bbox 249 2258 1354 2348; baseline 0.003 -25"><span class='ocrx_word' id='word_1_159' title='bbox 249 2275 370 2340; x_wconf 57' lang='lat' dir='ltr'><strong>merat„</strong></span> <span class='ocrx_word' id='word_1_160' title='bbox 394 2267 598 2327; x_wconf 83' lang='lat' dir='ltr'><strong>Dissonantise</strong></span> <span class='ocrx_word' id='word_1_161' title='bbox 612 2270 760 2328; x_wconf 84' lang='lat' dir='ltr'><strong>rationem</strong></span> <span class='ocrx_word' id='word_1_162' title='bbox 781 2271 844 2348; x_wconf 85' lang='lat' dir='ltr'><strong>ipse</strong></span> <span class='ocrx_word' id='word_1_163' title='bbox 858 2265 1019 2339; x_wconf 72' lang='lat' dir='ltr'><strong>subiungit.</strong></span> <span class='ocrx_word' id='word_1_164' title='bbox 1040 2262 1118 2342; x_wconf 82' lang='grc' dir='ltr'><strong><em>ὁμοῦ</em></strong></span> <span class='ocrx_word' id='word_1_165' title='bbox 1133 2263 1183 2343; x_wconf 72' lang='grc' dir='ltr'><strong>ἔτη</strong></span> <span class='ocrx_word' id='word_1_166' title='bbox 1200 2258 1278 2346; x_wconf 75' lang='lat' dir='ltr'><strong>pty&#39;.</strong></span> <span class='ocrx_word' id='word_1_167' title='bbox 1296 2269 1354 2346; x_wconf 82' lang='grc' dir='ltr'><strong>τῆς</strong></span> 
     </span>
     <span class='ocr_line' id='line_1_22' title="bbox 249 2343 1354 2436; baseline 0 -28"><span class='ocrx_word' id='word_1_168' title='bbox 249 2343 344 2429; x_wconf 67' lang='grc' dir='ltr'><strong><em>ἀρχῆς</em></strong></span> <span class='ocrx_word' id='word_1_169' title='bbox 358 2354 418 2412; x_wconf 77' lang='grc' dir='ltr'><strong>τῶν</strong></span> <span class='ocrx_word' id='word_1_170' title='bbox 433 2349 531 2414; x_wconf 77' lang='lat' dir='ltr'><strong>dttov</strong></span> <span class='ocrx_word' id='word_1_171' title='bbox 545 2353 577 2413; x_wconf 78' lang='grc' dir='ltr'><strong>ἔν</strong></span> <span class='ocrx_word' id='word_1_172' title='bbox 593 2358 634 2435; x_wconf 77' lang='grc' dir='ltr'><strong>τῷ</strong></span> <span class='ocrx_word' id='word_1_173' title='bbox 646 2350 772 2436; x_wconf 70' lang='grc' dir='ltr'><strong><em>τετάρτῳ</em></strong></span> <span class='ocrx_word' id='word_1_174' title='bbox 789 2349 888 2433; x_wconf 79' lang='grc' dir='ltr'><strong><em>χρόνῳ</em></strong></span> <span class='ocrx_word' id='word_1_175' title='bbox 900 2346 1139 2428; x_wconf 75' lang='grc' dir='ltr'><strong><em>λαμβανομένης.</em></strong></span> <span class='ocrx_word' id='word_1_176' title='bbox 1160 2352 1289 2408; x_wconf 68' lang='lat' dir='ltr'><strong>§biunna</strong></span> <span class='ocrx_word' id='word_1_177' title='bbox 1308 2360 1354 2409; x_wconf 80' lang='lat' dir='ltr'><strong>est</strong></span> 
     </span>
     <span class='ocr_line' id='line_1_23' title="bbox 249 2431 1354 2517; baseline 0.005 -28"><span class='ocrx_word' id='word_1_178' title='bbox 249 2439 479 2500; x_wconf 75' lang='grc' dir='ltr'><strong><em>αααονιιοι533.</em></strong></span> <span class='ocrx_word' id='word_1_179' title='bbox 490 2437 624 2492; x_wconf 82' lang='lat' dir='ltr'><strong>aliorum</strong></span> <span class='ocrx_word' id='word_1_180' title='bbox 639 2439 764 2514; x_wconf 81' lang='lat' dir='ltr'><strong>imperio</strong></span> <span class='ocrx_word' id='word_1_181' title='bbox 782 2445 988 2517; x_wconf 62' lang='grc' dir='ltr'><strong>(αιαοριιανίο</strong></span> <span class='ocrx_word' id='word_1_182' title='bbox 1003 2431 1160 2490; x_wconf 80' lang='lat' dir='ltr'><strong>exordium</strong></span> <span class='ocrx_word' id='word_1_183' title='bbox 1172 2447 1273 2493; x_wconf 75' lang='lat' dir='ltr'><strong>tracto.</strong></span> <span class='ocrx_word' id='word_1_184' title='bbox 1309 2435 1354 2494; x_wconf 83' lang='grc' dir='ltr'><strong>Ει</strong></span> 
     </span>
     <span class='ocr_line' id='line_1_24' title="bbox 248 2516 1354 2604; baseline 0.003 -28"><span class='ocrx_word' id='word_1_185' title='bbox 248 2520 364 2576; x_wconf 85' lang='lat' dir='ltr'><strong>ratione</strong></span> <span class='ocrx_word' id='word_1_186' title='bbox 379 2518 528 2577; x_wconf 82' lang='lat' dir='ltr'><strong>dissensus</strong></span> <span class='ocrx_word' id='word_1_187' title='bbox 540 2519 620 2579; x_wconf 88' lang='lat' dir='ltr'><strong>inter</strong></span> <span class='ocrx_word' id='word_1_188' title='bbox 632 2522 797 2581; x_wconf 80' lang='lat' dir='ltr'><strong>Autborem</strong></span> <span class='ocrx_word' id='word_1_189' title='bbox 810 2517 914 2604; x_wconf 72' lang='grc' dir='ltr'><strong>Ιβψοέ.</strong></span> <span class='ocrx_word' id='word_1_190' title='bbox 929 2526 958 2577; x_wconf 78' lang='lat' dir='ltr'><strong>st</strong></span> <span class='ocrx_word' id='word_1_191' title='bbox 970 2520 1138 2578; x_wconf 87' lang='lat' dir='ltr'><strong>Cedrenum</strong></span> <span class='ocrx_word' id='word_1_192' title='bbox 1149 2516 1261 2601; x_wconf 62' lang='lat' dir='ltr'><strong>flpog&#39;.</strong></span> <span class='ocrx_word' id='word_1_193' title='bbox 1276 2519 1354 2579; x_wconf 81' lang='lat' dir='ltr'><strong>scti-</strong></span> 
     </span>
     <span class='ocr_line' id='line_1_25' title="bbox 248 2601 1353 2687; baseline 0.005 -27"><span class='ocrx_word' id='word_1_194' title='bbox 248 2601 353 2660; x_wconf 88' lang='lat' dir='ltr'><strong>bentes</strong></span> <span class='ocrx_word' id='word_1_195' title='bbox 375 2603 567 2664; x_wconf 83' lang='lat' dir='ltr'><strong>conciliatur:</strong></span> <span class='ocrx_word' id='word_1_196' title='bbox 595 2605 698 2687; x_wconf 74' lang='lat' dir='ltr'><strong>ipsum</strong></span> <span class='ocrx_word' id='word_1_197' title='bbox 714 2605 879 2668; x_wconf 81' lang='lat' dir='ltr'><strong>Autborean</strong></span> <span class='ocrx_word' id='word_1_198' title='bbox 901 2614 1026 2684; x_wconf 84' lang='lat' dir='ltr'><strong>utraque</strong></span> <span class='ocrx_word' id='word_1_199' title='bbox 1046 2603 1179 2664; x_wconf 88' lang='lat' dir='ltr'><strong>lectione</strong></span> <span class='ocrx_word' id='word_1_200' title='bbox 1197 2626 1284 2665; x_wconf 87' lang='lat' dir='ltr'><strong>usum</strong></span> <span class='ocrx_word' id='word_1_201' title='bbox 1300 2603 1353 2665; x_wconf 89' lang='lat' dir='ltr'><strong>in·</strong></span> 
     </span>
     <span class='ocr_line' id='line_1_26' title="bbox 249 2687 1149 2750; baseline 0.003 -4"><span class='ocrx_word' id='word_1_202' title='bbox 249 2687 343 2747; x_wconf 83' lang='lat' dir='ltr'><strong>scrius</strong></span> <span class='ocrx_word' id='word_1_203' title='bbox 360 2688 566 2750; x_wconf 74' lang='lat' dir='ltr'><strong>discutiemus.</strong></span> <span class='ocrx_word' id='word_1_204' title='bbox 1147 2687 1149 2692; x_wconf 68' lang='grc'><strong>’</strong></span> 
     </span>
    </p>
   </div>
   <div class='ocr_carea' id='block_1_5' title="bbox 231 2785 1352 4495">
    <p class='ocr_par' dir='ltr' id='par_1_7' title="bbox 248 2785 1352 3300">
     <span class='ocr_line' id='line_1_27' title="bbox 338 2785 1350 2876; baseline -0.004 -24"><span class='ocrx_word' id='word_1_205' title='bbox 338 2794 390 2873; x_wconf 78' lang='grc' dir='ltr'><strong>Τῷ</strong></span> <span class='ocrx_word' id='word_1_206' title='bbox 407 2796 564 2876; x_wconf 65' lang='lat' dir='ltr'><strong>nebelongi</strong></span> <span class='ocrx_word' id='word_1_207' title='bbox 574 2785 683 2876; x_wconf 51' lang='lat' dir='ltr'><strong>pierii.</strong></span> <span class='ocrx_word' id='word_1_208' title='bbox 705 2793 899 2855; x_wconf 81' lang='lat' dir='ltr'><strong>Praesentem</strong></span> <span class='ocrx_word' id='word_1_209' title='bbox 920 2795 1014 2860; x_wconf 83' lang='grc'><strong>2786.</strong></span> <span class='ocrx_word' id='word_1_210' title='bbox 1032 2811 1179 2852; x_wconf 81' lang='lat' dir='ltr'><strong>annorum</strong></span> <span class='ocrx_word' id='word_1_211' title='bbox 1195 2785 1350 2870; x_wconf 77' lang='lat' dir='ltr'><strong>epocham,</strong></span> 
     </span>
     <span class='ocr_line' id='line_1_28' title="bbox 249 2875 1352 2958; baseline 0.003 -27"><span class='ocrx_word' id='word_1_212' title='bbox 249 2893 308 2952; x_wconf 89' lang='lat' dir='ltr'><strong>qua</strong></span> <span class='ocrx_word' id='word_1_213' title='bbox 324 2875 540 2955; x_wconf 84' lang='lat' dir='ltr'><strong>Babylonicum</strong></span> <span class='ocrx_word' id='word_1_214' title='bbox 556 2899 631 2958; x_wconf 74' lang='lat' dir='ltr'><strong>opius</strong></span> <span class='ocrx_word' id='word_1_215' title='bbox 646 2888 786 2957; x_wconf 84' lang='lat' dir='ltr'><strong>ceptum,</strong></span> <span class='ocrx_word' id='word_1_216' title='bbox 809 2900 877 2938; x_wconf 89' lang='lat' dir='ltr'><strong>cnm</strong></span> <span class='ocrx_word' id='word_1_217' title='bbox 892 2879 1042 2938; x_wconf 85' lang='lat' dir='ltr'><strong>firmatam</strong></span> <span class='ocrx_word' id='word_1_218' title='bbox 1054 2887 1084 2936; x_wconf 85' lang='lat' dir='ltr'><strong>et</strong></span> <span class='ocrx_word' id='word_1_219' title='bbox 1099 2875 1260 2936; x_wconf 88' lang='lat' dir='ltr'><strong>stabilitam</strong></span> <span class='ocrx_word' id='word_1_220' title='bbox 1275 2876 1352 2934; x_wconf 78' lang='lat' dir='ltr'><strong>vetit</strong></span> 
     </span>
     <span class='ocr_line' id='line_1_29' title="bbox 248 2958 1352 3038; baseline 0 -19"><span class='ocrx_word' id='word_1_221' title='bbox 248 2958 384 3035; x_wconf 75' lang='lat' dir='ltr'><strong>Ambos,</strong></span> <span class='ocrx_word' id='word_1_222' title='bbox 413 2961 488 3019; x_wconf 85' lang='lat' dir='ltr'><strong>aliae</strong></span> <span class='ocrx_word' id='word_1_223' title='bbox 513 2974 638 3022; x_wconf 88' lang='lat' dir='ltr'><strong>cunctae</strong></span> <span class='ocrx_word' id='word_1_224' title='bbox 656 2966 766 3023; x_wconf 80' lang='lat' dir='ltr'><strong>relatae</strong></span> <span class='ocrx_word' id='word_1_225' title='bbox 787 2966 826 3023; x_wconf 90' lang='lat' dir='ltr'><strong>in-</strong></span> <span class='ocrx_word' id='word_1_226' title='bbox 837 2985 901 3024; x_wconf 86' lang='lat' dir='ltr'><strong>cam</strong></span> <span class='ocrx_word' id='word_1_227' title='bbox 912 2963 1107 3038; x_wconf 70' lang='lat' dir='ltr'><strong>desinerent,</strong></span> <span class='ocrx_word' id='word_1_228' title='bbox 1137 2963 1195 3021; x_wconf 77' lang='lat' dir='ltr'><strong>nisi</strong></span> <span class='ocrx_word' id='word_1_229' title='bbox 1210 2982 1226 3018; x_wconf 87' lang='lat' dir='ltr'><strong>a</strong></span> <span class='ocrx_word' id='word_1_230' title='bbox 1243 2960 1352 3019; x_wconf 88' lang='lat' dir='ltr'><strong>Libra-</strong></span> 
     </span>
     <span class='ocr_line' id='line_1_30' title="bbox 248 3046 1351 3129; baseline 0 -25"><span class='ocrx_word' id='word_1_231' title='bbox 248 3046 296 3105; x_wconf 81' lang='lat' dir='ltr'><strong>rio</strong></span> <span class='ocrx_word' id='word_1_232' title='bbox 315 3047 479 3104; x_wconf 79' lang='lat' dir='ltr'><strong>norrnullac</strong></span> <span class='ocrx_word' id='word_1_233' title='bbox 499 3048 598 3106; x_wconf 80' lang='lat' dir='ltr'><strong>forent</strong></span> <span class='ocrx_word' id='word_1_234' title='bbox 614 3051 800 3129; x_wconf 76' lang='lat' dir='ltr'><strong>depravatae.</strong></span> <span class='ocrx_word' id='word_1_235' title='bbox 845 3052 928 3122; x_wconf 83' lang='lat' dir='ltr'><strong>Quae</strong></span> <span class='ocrx_word' id='word_1_236' title='bbox 949 3047 1055 3106; x_wconf 88' lang='lat' dir='ltr'><strong>vitium</strong></span> <span class='ocrx_word' id='word_1_237' title='bbox 1078 3068 1198 3126; x_wconf 81' lang='lat' dir='ltr'><strong>passae,</strong></span> <span class='ocrx_word' id='word_1_238' title='bbox 1221 3053 1251 3104; x_wconf 88' lang='lat' dir='ltr'><strong>ct</strong></span> <span class='ocrx_word' id='word_1_239' title='bbox 1272 3065 1351 3124; x_wconf 78' lang='lat' dir='ltr'><strong>quse</strong></span> 
     </span>
     <span class='ocr_line' id='line_1_31' title="bbox 250 3131 1351 3212; baseline 0.001 -24"><span class='ocrx_word' id='word_1_240' title='bbox 250 3151 321 3189; x_wconf 86' lang='lat' dir='ltr'><strong>suae</strong></span> <span class='ocrx_word' id='word_1_241' title='bbox 336 3131 498 3208; x_wconf 79' lang='lat' dir='ltr'><strong>integritati</strong></span> <span class='ocrx_word' id='word_1_242' title='bbox 519 3134 655 3205; x_wconf 75' lang='lat' dir='ltr'><strong>relictae,</strong></span> <span class='ocrx_word' id='word_1_243' title='bbox 678 3155 716 3193; x_wconf 82' lang='lat' dir='ltr'><strong>ex</strong></span> <span class='ocrx_word' id='word_1_244' title='bbox 738 3146 914 3193; x_wconf 88' lang='lat' dir='ltr'><strong>cunctarum</strong></span> <span class='ocrx_word' id='word_1_245' title='bbox 936 3133 1152 3212; x_wconf 88' lang='lat' dir='ltr'><strong>supputatione</strong></span> <span class='ocrx_word' id='word_1_246' title='bbox 1169 3132 1351 3210; x_wconf 82' lang='lat' dir='ltr'><strong>dignoscen-</strong></span> 
     </span>
     <span class='ocr_line' id='line_1_32' title="bbox 249 3216 1350 3300; baseline 0.002 -26"><span class='ocrx_word' id='word_1_247' title='bbox 249 3224 310 3275; x_wconf 90' lang='lat' dir='ltr'><strong>tur.</strong></span> <span class='ocrx_word' id='word_1_248' title='bbox 355 3217 428 3274; x_wconf 85' lang='lat' dir='ltr'><strong>Cutn</strong></span> <span class='ocrx_word' id='word_1_249' title='bbox 442 3218 543 3294; x_wconf 81' lang='lat' dir='ltr'><strong>itaque</strong></span> <span class='ocrx_word' id='word_1_250' title='bbox 557 3220 637 3278; x_wconf 89' lang='lat' dir='ltr'><strong>orbis</strong></span> <span class='ocrx_word' id='word_1_251' title='bbox 651 3220 784 3278; x_wconf 89' lang='lat' dir='ltr'><strong>universi</strong></span> <span class='ocrx_word' id='word_1_252' title='bbox 797 3220 922 3300; x_wconf 81' lang='lat' dir='ltr'><strong>irnperio</strong></span> <span class='ocrx_word' id='word_1_253' title='bbox 936 3219 1083 3277; x_wconf 78' lang='lat' dir='ltr'><strong>exciderit</strong></span> <span class='ocrx_word' id='word_1_254' title='bbox 1095 3216 1256 3298; x_wconf 80' lang='lat' dir='ltr'><strong>Arpbaxad</strong></span> <span class='ocrx_word' id='word_1_255' title='bbox 1268 3237 1350 3276; x_wconf 77' lang='lat' dir='ltr'><strong>asino</strong></span> 
     </span>
    </p>

    <p class='ocr_par' dir='ltr' id='par_1_8' title="bbox 231 3299 1350 4495">
     <span class='ocr_line' id='line_1_33' title="bbox 231 3299 1350 3383; baseline 0.004 -28"><span class='ocrx_word' id='word_1_256' title='bbox 231 3299 356 3362; x_wconf 69' lang='lat' dir='ltr'><strong>‚rnundi</strong></span> <span class='ocrx_word' id='word_1_257' title='bbox 378 3303 471 3367; x_wconf 87' lang='grc'><strong>2775.</strong></span> <span class='ocrx_word' id='word_1_258' title='bbox 493 3304 638 3380; x_wconf 86' lang='lat' dir='ltr'><strong>obcunte,</strong></span> <span class='ocrx_word' id='word_1_259' title='bbox 668 3316 698 3363; x_wconf 89' lang='lat' dir='ltr'><strong>et</strong></span> <span class='ocrx_word' id='word_1_260' title='bbox 723 3307 843 3383; x_wconf 80' lang='lat' dir='ltr'><strong>triginta</strong></span> <span class='ocrx_word' id='word_1_261' title='bbox 862 3305 958 3364; x_wconf 85' lang='lat' dir='ltr'><strong>tribus</strong></span> <span class='ocrx_word' id='word_1_262' title='bbox 977 3303 1056 3361; x_wconf 90' lang='lat' dir='ltr'><strong>illud</strong></span> <span class='ocrx_word' id='word_1_263' title='bbox 1073 3304 1222 3379; x_wconf 86' lang='lat' dir='ltr'><strong>tenuerit,</strong></span> <span class='ocrx_word' id='word_1_264' title='bbox 1243 3321 1350 3360; x_wconf 89' lang='lat' dir='ltr'><strong>conse-</strong></span> 
     </span>
     <span class='ocr_line' id='line_1_34' title="bbox 249 3383 1348 3469; baseline 0.004 -29"><span class='ocrx_word' id='word_1_265' title='bbox 249 3404 345 3462; x_wconf 85' lang='lat' dir='ltr'><strong>quens</strong></span> <span class='ocrx_word' id='word_1_266' title='bbox 363 3394 409 3442; x_wconf 89' lang='lat' dir='ltr'><strong>ost</strong></span> <span class='ocrx_word' id='word_1_267' title='bbox 424 3407 503 3445; x_wconf 82' lang='lat' dir='ltr'><strong>arrrro</strong></span> <span class='ocrx_word' id='word_1_268' title='bbox 525 3395 618 3456; x_wconf 77' lang='grc'><strong>2742.</strong></span> <span class='ocrx_word' id='word_1_269' title='bbox 640 3383 754 3469; x_wconf 86' lang='lat' dir='ltr'><strong>paritor</strong></span> <span class='ocrx_word' id='word_1_270' title='bbox 771 3392 899 3450; x_wconf 85' lang='lat' dir='ltr'><strong>obcunte</strong></span> <span class='ocrx_word' id='word_1_271' title='bbox 920 3389 995 3448; x_wconf 84' lang='lat' dir='ltr'><strong>illud</strong></span> <span class='ocrx_word' id='word_1_272' title='bbox 1019 3389 1116 3468; x_wconf 74' lang='lat' dir='ltr'><strong>prrirna</strong></span> <span class='ocrx_word' id='word_1_273' title='bbox 1140 3399 1348 3468; x_wconf 81' lang='lat' dir='ltr'><strong>assequutuma</strong></span> 
     </span>
     <span class='ocr_line' id='line_1_35' title="bbox 249 3468 1349 3554; baseline 0.005 -31"><span class='ocrx_word' id='word_1_274' title='bbox 249 3489 286 3525; x_wconf 91' lang='lat' dir='ltr'><strong>ac</strong></span> <span class='ocrx_word' id='word_1_275' title='bbox 303 3468 370 3526; x_wconf 88' lang='lat' dir='ltr'><strong>ideo</strong></span> <span class='ocrx_word' id='word_1_276' title='bbox 387 3489 454 3527; x_wconf 82' lang='lat' dir='ltr'><strong>cunr</strong></span> <span class='ocrx_word' id='word_1_277' title='bbox 471 3483 581 3550; x_wconf 83' lang='lat' dir='ltr'><strong>scptcnr</strong></span> <span class='ocrx_word' id='word_1_278' title='bbox 598 3476 684 3534; x_wconf 79' lang='lat' dir='ltr'><strong>ansns</strong></span> <span class='ocrx_word' id='word_1_279' title='bbox 700 3487 769 3535; x_wconf 88' lang='lat' dir='ltr'><strong>anto</strong></span> <span class='ocrx_word' id='word_1_280' title='bbox 789 3475 962 3535; x_wconf 87' lang='lat' dir='ltr'><strong>huiusmodi</strong></span> <span class='ocrx_word' id='word_1_281' title='bbox 979 3484 1100 3554; x_wconf 86' lang='lat' dir='ltr'><strong>ceptum</strong></span> <span class='ocrx_word' id='word_1_282' title='bbox 1112 3475 1271 3554; x_wconf 87' lang='lat' dir='ltr'><strong>imperinm</strong></span> <span class='ocrx_word' id='word_1_283' title='bbox 1287 3473 1349 3529; x_wconf 75' lang='lat' dir='ltr'><strong>Ba-</strong></span> 
     </span>
     <span class='ocr_line' id='line_1_36' title="bbox 245 3553 1349 3641; baseline 0.004 -32"><span class='ocrx_word' id='word_1_284' title='bbox 245 3553 405 3632; x_wconf 84' lang='lat' dir='ltr'><strong>bylonicac</strong></span> <span class='ocrx_word' id='word_1_285' title='bbox 427 3558 505 3613; x_wconf 91' lang='lat' dir='ltr'><strong>turri</strong></span> <span class='ocrx_word' id='word_1_286' title='bbox 524 3560 621 3636; x_wconf 85' lang='lat' dir='ltr'><strong>prima</strong></span> <span class='ocrx_word' id='word_1_287' title='bbox 639 3582 746 3621; x_wconf 82' lang='lat' dir='ltr'><strong>rnunus</strong></span> <span class='ocrx_word' id='word_1_288' title='bbox 761 3562 808 3620; x_wconf 80' lang='lat' dir='ltr'><strong>sit</strong></span> <span class='ocrx_word' id='word_1_289' title='bbox 825 3561 982 3641; x_wconf 84' lang='lat' dir='ltr'><strong>imposita,</strong></span> <span class='ocrx_word' id='word_1_290' title='bbox 1003 3560 1110 3619; x_wconf 87' lang='lat' dir='ltr'><strong>scribit</strong></span> <span class='ocrx_word' id='word_1_291' title='bbox 1134 3557 1274 3631; x_wconf 78' lang='lat' dir='ltr'><strong>Author,</strong></span> <span class='ocrx_word' id='word_1_292' title='bbox 1296 3555 1349 3614; x_wconf 84' lang='lat' dir='ltr'><strong>dc-</strong></span> 
     </span>
     <span class='ocr_line' id='line_1_37' title="bbox 246 3635 1347 3725; baseline 0.003 -30"><span class='ocrx_word' id='word_1_293' title='bbox 246 3637 314 3696; x_wconf 84' lang='lat' dir='ltr'><strong>buit</strong></span> <span class='ocrx_word' id='word_1_294' title='bbox 334 3635 507 3696; x_wconf 87' lang='lat' dir='ltr'><strong>huiusmodi</strong></span> <span class='ocrx_word' id='word_1_295' title='bbox 533 3663 609 3722; x_wconf 85' lang='lat' dir='ltr'><strong>opus</strong></span> <span class='ocrx_word' id='word_1_296' title='bbox 630 3666 709 3703; x_wconf 83' lang='lat' dir='ltr'><strong>arrrro</strong></span> <span class='ocrx_word' id='word_1_297' title='bbox 732 3650 826 3712; x_wconf 81' lang='lat'><strong>2736.</strong></span> <span class='ocrx_word' id='word_1_298' title='bbox 851 3645 977 3725; x_wconf 86' lang='lat' dir='ltr'><strong>suscipi:</strong></span> <span class='ocrx_word' id='word_1_299' title='bbox 1008 3653 1072 3702; x_wconf 82' lang='lat' dir='ltr'><strong>rrec&#39;</strong></span> <span class='ocrx_word' id='word_1_300' title='bbox 1084 3641 1347 3724; x_wconf 80' lang='lat' dir='ltr'><strong>reprehensionem</strong></span> 
     </span>
     <span class='ocr_line' id='line_1_38' title="bbox 244 3721 1349 3807; baseline 0.001 -25"><span class='ocrx_word' id='word_1_301' title='bbox 244 3721 417 3782; x_wconf 83' lang='lat' dir='ltr'><strong>huiusmodi</strong></span> <span class='ocrx_word' id='word_1_302' title='bbox 431 3728 606 3803; x_wconf 86' lang='lat' dir='ltr'><strong>&#39;supputatio</strong></span> <span class='ocrx_word' id='word_1_303' title='bbox 624 3733 747 3807; x_wconf 87' lang='lat' dir='ltr'><strong>patitur.</strong></span> <span class='ocrx_word' id='word_1_304' title='bbox 792 3732 997 3792; x_wconf 78' lang='lat' dir='ltr'><strong>ltit&#39;srciliorcm</strong></span> <span class='ocrx_word' id='word_1_305' title='bbox 1015 3730 1095 3790; x_wconf 86' lang='lat' dir='ltr'><strong>subit</strong></span> <span class='ocrx_word' id='word_1_306' title='bbox 1112 3748 1149 3786; x_wconf 86' lang='lat' dir='ltr'><strong>ex</strong></span> <span class='ocrx_word' id='word_1_307' title='bbox 1166 3726 1262 3807; x_wconf 85' lang='lat' dir='ltr'><strong>ipsius</strong></span> <span class='ocrx_word' id='word_1_308' title='bbox 1281 3724 1349 3784; x_wconf 74' lang='lat' dir='ltr'><strong>du·</strong></span> 
     </span>
     <span class='ocr_line' id='line_1_39' title="bbox 245 3807 1346 3894; baseline 0.003 -27"><span class='ocrx_word' id='word_1_309' title='bbox 245 3807 342 3867; x_wconf 86' lang='lat' dir='ltr'><strong>thoris</strong></span> <span class='ocrx_word' id='word_1_310' title='bbox 356 3809 475 3867; x_wconf 86' lang='lat' dir='ltr'><strong>sibimet</strong></span> <span class='ocrx_word' id='word_1_311' title='bbox 489 3813 606 3869; x_wconf 78' lang='lat' dir='ltr'><strong>adversi</strong></span> <span class='ocrx_word' id='word_1_312' title='bbox 622 3814 719 3872; x_wconf 87' lang='lat' dir='ltr'><strong>verbis</strong></span> <span class='ocrx_word' id='word_1_313' title='bbox 733 3835 799 3894; x_wconf 83' lang='lat' dir='ltr'><strong>pag.</strong></span> <span class='ocrx_word' id='word_1_314' title='bbox 818 3819 886 3883; x_wconf 79' lang='lat'><strong>115.</strong></span> <span class='ocrx_word' id='word_1_315' title='bbox 906 3817 939 3876; x_wconf 76' lang='grc' dir='ltr'><strong>Α.</strong></span> <span class='ocrx_word' id='word_1_316' title='bbox 963 3815 1070 3894; x_wconf 90' lang='lat' dir='ltr'><strong>quibus</strong></span> <span class='ocrx_word' id='word_1_317' title='bbox 1083 3810 1247 3892; x_wconf 76' lang='lat' dir='ltr'><strong>Arphaxad</strong></span> <span class='ocrx_word' id='word_1_318' title='bbox 1265 3829 1346 3870; x_wconf 81' lang='lat' dir='ltr'><strong>anno</strong></span> 
     </span>
     <span class='ocr_line' id='line_1_40' title="bbox 246 3893 1346 3980; baseline 0.001 -28"><span class='ocrx_word' id='word_1_319' title='bbox 246 3915 265 3952; x_wconf 89' lang='lat' dir='ltr'><strong>o</strong></span> <span class='ocrx_word' id='word_1_320' title='bbox 277 3893 380 3954; x_wconf 86' lang='lat' dir='ltr'><strong>mundi</strong></span> <span class='ocrx_word' id='word_1_321' title='bbox 397 3894 522 3953; x_wconf 90' lang='lat' dir='ltr'><strong>conditu</strong></span> <span class='ocrx_word' id='word_1_322' title='bbox 535 3900 627 3962; x_wconf 86' lang='grc'><strong>2732.</strong></span> <span class='ocrx_word' id='word_1_323' title='bbox 641 3899 757 3976; x_wconf 76' lang='lat' dir='ltr'><strong>integro</strong></span> <span class='ocrx_word' id='word_1_324' title='bbox 771 3910 840 3959; x_wconf 85' lang='lat' dir='ltr'><strong>unte</strong></span> <span class='ocrx_word' id='word_1_325' title='bbox 854 3906 920 3960; x_wconf 85' lang='lat' dir='ltr'><strong>Sem</strong></span> <span class='ocrx_word' id='word_1_326' title='bbox 935 3909 1065 3980; x_wconf 85' lang='lat' dir='ltr'><strong>patrem,</strong></span> <span class='ocrx_word' id='word_1_327' title='bbox 1088 3898 1140 3976; x_wconf 91' lang='lat' dir='ltr'><strong>qui</strong></span> <span class='ocrx_word' id='word_1_328' title='bbox 1153 3897 1246 3962; x_wconf 81' lang='lat'><strong>2742.</strong></span> <span class='ocrx_word' id='word_1_329' title='bbox 1260 3895 1346 3973; x_wconf 86' lang='lat' dir='ltr'><strong>obiit,</strong></span> 
     </span>
     <span class='ocr_line' id='line_1_41' title="bbox 247 3979 1348 4063; baseline 0.003 -26"><span class='ocrx_word' id='word_1_330' title='bbox 247 3979 392 4038; x_wconf 88' lang='lat' dir='ltr'><strong>decennio</strong></span> <span class='ocrx_word' id='word_1_331' title='bbox 403 3989 538 4040; x_wconf 85' lang='lat' dir='ltr'><strong>mortuus</strong></span> <span class='ocrx_word' id='word_1_332' title='bbox 550 3981 658 4041; x_wconf 85' lang='lat' dir='ltr'><strong>diserte</strong></span> <span class='ocrx_word' id='word_1_333' title='bbox 673 3987 838 4044; x_wconf 74' lang='lat' dir='ltr'><strong>reseretur:</strong></span> <span class='ocrx_word' id='word_1_334' title='bbox 858 3986 940 4045; x_wconf 84' lang='lat' dir='ltr'><strong>uliud</strong></span> <span class='ocrx_word' id='word_1_335' title='bbox 956 4004 1074 4062; x_wconf 90' lang='lat' dir='ltr'><strong>quoque</strong></span> <span class='ocrx_word' id='word_1_336' title='bbox 1089 3981 1259 4063; x_wconf 81' lang='lat' dir='ltr'><strong>periculum</strong></span> <span class='ocrx_word' id='word_1_337' title='bbox 1276 4001 1348 4040; x_wconf 89' lang='lat' dir='ltr'><strong>sus-</strong></span> 
     </span>
     <span class='ocr_line' id='line_1_42' title="bbox 248 4064 1347 4147; baseline 0.004 -25"><span class='ocrx_word' id='word_1_338' title='bbox 248 4064 326 4123; x_wconf 87' lang='lat' dir='ltr'><strong>tinet</strong></span> <span class='ocrx_word' id='word_1_339' title='bbox 349 4085 387 4124; x_wconf 82' lang='lat' dir='ltr'><strong>ex</strong></span> <span class='ocrx_word' id='word_1_340' title='bbox 406 4066 543 4125; x_wconf 90' lang='lat' dir='ltr'><strong>versione</strong></span> <span class='ocrx_word' id='word_1_341' title='bbox 565 4067 668 4125; x_wconf 86' lang='lat' dir='ltr'><strong>Latina</strong></span> <span class='ocrx_word' id='word_1_342' title='bbox 692 4070 797 4128; x_wconf 80' lang='lat' dir='ltr'><strong>Graeci</strong></span> <span class='ocrx_word' id='word_1_343' title='bbox 818 4078 919 4129; x_wconf 82' lang='lat' dir='ltr'><strong>textus</strong></span> <span class='ocrx_word' id='word_1_344' title='bbox 936 4090 1009 4128; x_wconf 72' lang='lat' dir='ltr'><strong>cxx.</strong></span> <span class='ocrx_word' id='word_1_345' title='bbox 1029 4069 1141 4147; x_wconf 85' lang='lat' dir='ltr'><strong>Interp.</strong></span> <span class='ocrx_word' id='word_1_346' title='bbox 1162 4066 1195 4125; x_wconf 88' lang='lat' dir='ltr'><strong>in</strong></span> <span class='ocrx_word' id='word_1_347' title='bbox 1216 4075 1347 4145; x_wconf 85' lang='lat' dir='ltr'><strong>quatuor</strong></span> 
     </span>
     <span class='ocr_line' id='line_1_43' title="bbox 248 4149 1347 4234; baseline 0.005 -28"><span class='ocrx_word' id='word_1_348' title='bbox 248 4149 418 4227; x_wconf 83' lang='lat' dir='ltr'><strong>linguarum</strong></span> <span class='ocrx_word' id='word_1_349' title='bbox 442 4151 547 4212; x_wconf 84' lang='lat' dir='ltr'><strong>Bibliis</strong></span> <span class='ocrx_word' id='word_1_350' title='bbox 569 4154 751 4234; x_wconf 78' lang='lat' dir='ltr'><strong>distverpiae</strong></span> <span class='ocrx_word' id='word_1_351' title='bbox 772 4175 851 4212; x_wconf 91' lang='lat' dir='ltr'><strong>anno</strong></span> <span class='ocrx_word' id='word_1_352' title='bbox 876 4159 967 4220; x_wconf 85' lang='lat'><strong>1616.</strong></span> <span class='ocrx_word' id='word_1_353' title='bbox 988 4154 1093 4228; x_wconf 84' lang='lat' dir='ltr'><strong>editis,</strong></span> <span class='ocrx_word' id='word_1_354' title='bbox 1123 4152 1284 4229; x_wconf 85' lang='lat' dir='ltr'><strong>eademque</strong></span> <span class='ocrx_word' id='word_1_355' title='bbox 1306 4151 1347 4212; x_wconf 86' lang='lat' dir='ltr'><strong>ad</strong></span> 
     </span>
     <span class='ocr_line' id='line_1_44' title="bbox 249 4234 1345 4306; baseline 0.004 -14"><span class='ocrx_word' id='word_1_356' title='bbox 249 4234 412 4295; x_wconf 87' lang='lat' dir='ltr'><strong>editionem</strong></span> <span class='ocrx_word' id='word_1_357' title='bbox 431 4238 537 4297; x_wconf 88' lang='lat' dir='ltr'><strong>Graeci</strong></span> <span class='ocrx_word' id='word_1_358' title='bbox 554 4247 655 4299; x_wconf 83' lang='lat' dir='ltr'><strong>textus</strong></span> <span class='ocrx_word' id='word_1_359' title='bbox 676 4239 794 4299; x_wconf 83' lang='lat' dir='ltr'><strong>Parisiis</strong></span> <span class='ocrx_word' id='word_1_360' title='bbox 815 4245 905 4306; x_wconf 79' lang='lat'><strong>1627.</strong></span> <span class='ocrx_word' id='word_1_361' title='bbox 927 4239 989 4298; x_wconf 88' lang='lat' dir='ltr'><strong>sive</strong></span> <span class='ocrx_word' id='word_1_362' title='bbox 1008 4239 1118 4300; x_wconf 83' lang='lat' dir='ltr'><strong>Morini</strong></span> <span class='ocrx_word' id='word_1_363' title='bbox 1138 4238 1201 4297; x_wconf 86' lang='lat' dir='ltr'><strong>sive</strong></span> <span class='ocrx_word' id='word_1_364' title='bbox 1223 4237 1345 4296; x_wconf 85' lang='lat' dir='ltr'><strong>alterius</strong></span> 
     </span>
     <span class='ocr_line' id='line_1_45' title="bbox 248 4322 1346 4405; baseline 0.005 -29"><span class='ocrx_word' id='word_1_365' title='bbox 248 4339 340 4398; x_wconf 86' lang='lat' dir='ltr'><strong>opera</strong></span> <span class='ocrx_word' id='word_1_366' title='bbox 355 4322 463 4380; x_wconf 83' lang='lat' dir='ltr'><strong>factam</strong></span> <span class='ocrx_word' id='word_1_367' title='bbox 478 4323 631 4404; x_wconf 85' lang='lat' dir='ltr'><strong>apposita,</strong></span> <span class='ocrx_word' id='word_1_368' title='bbox 654 4345 712 4405; x_wconf 91' lang='lat' dir='ltr'><strong>qua</strong></span> <span class='ocrx_word' id='word_1_369' title='bbox 726 4325 896 4384; x_wconf 77' lang='lat' dir='ltr'><strong>baccillum</strong></span> <span class='ocrx_word' id='word_1_370' title='bbox 914 4327 1075 4386; x_wconf 87' lang='lat' dir='ltr'><strong>oscitanter</strong></span> <span class='ocrx_word' id='word_1_371' title='bbox 1093 4344 1219 4402; x_wconf 84' lang='lat' dir='ltr'><strong>sequens</strong></span> <span class='ocrx_word' id='word_1_372' title='bbox 1236 4322 1346 4382; x_wconf 81' lang='lat' dir='ltr'><strong>ducem</strong></span> 
     </span>
     <span class='ocr_line' id='line_1_46' title="bbox 248 4405 1341 4495; baseline 0.004 -31"><span class='ocrx_word' id='word_1_373' title='bbox 248 4423 343 4466; x_wconf 84' lang='lat' dir='ltr'><strong>sonos</strong></span> <span class='ocrx_word' id='word_1_374' title='bbox 355 4406 522 4489; x_wconf 75' lang='lat' dir='ltr'><strong>Arplraxad</strong></span> <span class='ocrx_word' id='word_1_375' title='bbox 534 4420 604 4472; x_wconf 88' lang='lat' dir='ltr'><strong>ante</strong></span> <span class='ocrx_word' id='word_1_376' title='bbox 617 4421 788 4495; x_wconf 74' lang='lat' dir='ltr'><strong>susceptam</strong></span> <span class='ocrx_word' id='word_1_377' title='bbox 802 4413 919 4495; x_wconf 87' lang='lat' dir='ltr'><strong>prolem</strong></span> <span class='ocrx_word' id='word_1_378' title='bbox 934 4414 1007 4482; x_wconf 82' lang='lat'><strong>135.</strong></span> <span class='ocrx_word' id='word_1_379' title='bbox 1020 4421 1091 4494; x_wconf 86' lang='lat' dir='ltr'><strong>post</strong></span> <span class='ocrx_word' id='word_1_380' title='bbox 1105 4419 1212 4472; x_wconf 87' lang='lat' dir='ltr'><strong>uatum</strong></span> <span class='ocrx_word' id='word_1_381' title='bbox 1230 4405 1341 4468; x_wconf 73' lang='lat' dir='ltr'><strong>datm</strong></span> 
     </span>
    </p>
   </div>
   <div class='ocr_carea' id='block_1_6' title="bbox 0 0 1560 4959">
    <p class='ocr_par' dir='ltr' id='par_1_9' title="bbox 0 0 1560 4959">
     <span class='ocr_line' id='line_1_47' title="bbox 0 0 1560 4959; baseline 0 3"><span class='ocrx_word' id='word_1_382' title='bbox 0 0 1560 4959; x_wconf 95' lang='lat' dir='ltr'><strong> </strong></span> 
     </span>
    </p>
   </div>
  </div>
 </body>
</html>
