3109 4959
261 400 312 473 82
372 458 375 467 ,
636 405 680 475 G.
701 404 743 475 G.
763 404 969 479 nnnnovu

263 569 320 629 cosi
335 558 604 651 perseueratum
618 561 776 639 Moriatur
789 560 857 647 περὶ
870 566 924 645 τῆς
936 560 1085 639 rokestor
1093 557 1184 645 'Adde
1200 562 1251 629 καὶ
1264 560 1349 640 Εὔας

262 644 589 735 coaugmentatum,
612 642 941 728 ἆποκαλυφθεῖσα
955 645 1056 729 nopai
1077 653 1143 711 τοῦ
1162 653 1279 723 θεοῦ,
1299 645 1349 714 ὅτε

261 731 315 809 soie
340 729 456 808 utrisne
483 738 537 797 rosi
561 728 657 814 reipub
681 732 799 809 ἐδέξατο
819 732 853 797 fn
871 729 968 816 χειρὸς
990 726 1095 810 odiosi,
1119 732 1271 813 διδαχθεὶς
1291 729 1353 797 sini

261 823 317 883 sori
333 813 521 903 Ἀρχαγγὲλοῡ
535 813 668 899 Μιχαήλ.
688 848 732 863 -
750 816 937 898 Epiphanius
952 817 1079 897 denique
1092 815 1207 878 haeresi
1220 822 1271 883 89.
1281 837 1307 876 c.
1319 822 1350 881 6.

261 904 370 974 tradit,
399 923 523 985 parvam
546 902 675 963 Genesin
695 910 725 961 et
752 896 906 1000 Ἰωβιιλαία
926 903 1044 979 vocari,
1073 902 1174 962 forsan
1195 902 1277 983 quod
1294 920 1351 982 pes·

259 988 408 1069 inbolare,
429 988 449 1050 i.
463 1008 487 1048 e.
500 1007 554 1067 per
567 987 663 1069 spatia
678 984 891 1066 quinquaginta
906 1006 1053 1046 annorum
1070 986 1183 1067 digesta
1196 994 1268 1046 erat.

343 1073 465 1151 Signum
490 1091 610 1150 magnae
631 1070 719 1131 buius
739 1070 810 1131 libri
830 1070 1016 1132 auctoritatis
1037 1079 1097 1147 est,
1119 1070 1199 1151 quod
1219 1070 1349 1149 elingua

259 1156 402 1217 Hebraica
415 1157 448 1215 in
462 1155 594 1233 lingnam
611 1158 754 1216 Graecam
768 1156 914 1215 translata
925 1157 999 1228 fuit,
1019 1164 1049 1215 et
1061 1175 1238 1236 quamquam
1253 1154 1349 1213 Geor-

259 1242 325 1319 gius
337 1242 452 1317 metuit,
474 1261 511 1299 ne
524 1240 616 1299 animi
630 1240 827 1320 simpliciores
842 1261 876 1299 eo
890 1239 1077 1320 decipiantur
1090 1237 1135 1323 (p.
1150 1246 1200 1309 27.
1214 1235 1265 1323 A.)
1285 1238 1350 1320 ipse

258 1335 358 1385 tamen
372 1326 467 1385 multa
479 1344 516 1383 ex
528 1324 586 1385 boc
600 1326 682 1385 fonte
694 1324 804 1385 bausit.
847 1324 1080 1384 contundantur
1090 1323 1149 1385 boc
1161 1324 1239 1383 libro
1253 1323 1349 1383 inter-

257 1410 439 1491 pretationes
467 1410 613 1469 Geneseos
641 1429 659 1466 a
679 1408 851 1468 doctoribus
870 1408 1023 1467 Hebraicis
1044 1408 1164 1484 doctae,
1192 1407 1349 1487 ampliores

257 1495 455 1554 enarrationes
481 1514 582 1553 rerum
606 1513 623 1552 a
642 1491 822 1553 Patriarcbis
841 1500 1004 1571 gestarum,
1025 1491 1217 1569 traditiones,
1240 1490 1348 1570 quibus

255 1579 418 1658 antiquitas
449 1578 652 1638 auctoritatem
688 1578 749 1637 fere
775 1576 906 1637 divinam
933 1575 1099 1640 addiderat.
1143 1576 1349 1651 'Quamobrem

257 1663 415 1741 Georgium
432 1682 466 1721 ea
480 1681 597 1741 quoque
610 1662 644 1721 in
658 1660 895 1721 Patr-iarcbarum
907 1659 1047 1738 historia,
1069 1680 1195 1740 quorum
1207 1661 1275 1719 fons
1285 1680 1349 1718 non

255 1756 347 1829 patet,
368 1746 497 1807 maxime
518 1768 555 1807 ex
571 1745 628 1806 hoc
646 1746 721 1806 libro
738 1745 879 1819 hausisse,
899 1744 978 1805 haud
992 1756 1102 1805 temere
1116 1744 1261 1804 coniicere
1273 1742 1349 1801 mibi

254 1832 369 1891 videor.
411 1832 497 1891 Gesta
511 1830 628 1910 quidem
644 1831 817 1909 fragmentis
831 1852 849 1889 a
862 1830 998 1889 Fabricio
1013 1828 1149 1889 collectis
1163 1849 1228 1909 pag.
1242 1832 1305 1895 888
1319 1836 1349 1887 et

255 1920 334 1992 839,
359 1924 388 1975 et
408 1936 475 1996 pag.
490 1918 552 1983 849
568 1949 610 1961 -
625 1916 687 1981 864
701 1915 760 1975 duo
776 1936 791 1974 e
809 1914 936 1993 Georgio
948 1925 1053 1974 nostro
1072 1914 1142 1973 addi
1154 1922 1289 1993 possunt.
1309 1944 1346 1957 -

255 2001 346 2077 „l'ag.
368 2005 418 2066 27.
433 2001 473 2064 G.
487 2002 521 2062 D.
541 2001 685 2079 Georgius
706 2020 743 2059 ex
760 2000 940 2080 Apocalypsi
957 1999 1047 2059 Musis
1059 2007 1175 2074 namot,
1199 1997 1349 2075 Gigantes,

254 2084 276 2147 i.
298 2104 323 2148 e.
338 2083 416 2143 filios
429 2083 608 2159 Angelorum
624 2093 653 2143 et
667 2084 798 2144 filiarum
817 2083 985 2158 hominnm,
1009 2083 1122 2142 invidia
1141 2091 1349 2163 postmortem

252 2178 359 2244 motos,
375 2168 452 2227 filios
464 2170 542 2229 Nois
558 2171 589 2228 in
605 2189 733 2229 errorem
748 2169 912 2229 induxisse.
955 2169 1055 2241 Quum
1075 2187 1147 2228 vero
1160 2168 1223 2226 Noe
1241 2185 1349 2225 orave-

250 2252 306 2322 rit,
329 2262 365 2311 ut
388 2254 424 2310 ab
447 2254 487 2312 eis
509 2254 705 2330 discederent,
729 2254 791 2315 Deo
815 2253 933 2313 iubente
953 2273 1062 2312 novem
1083 2262 1183 2332 partes
1198 2251 1233 2309 ab
1251 2250 1348 2310 Areb-

250 2338 355 2414 angelo
376 2336 520 2395 Michattle
537 2340 567 2395 in
586 2340 725 2415 abyssum
738 2338 866 2396 deiectas
880 2356 942 2395 esse
958 2336 1103 2415 usquead
1123 2336 1201 2394 diem
1222 2336 1345 2410 iudicii3

250 2420 396 2479 docinrsm
424 2429 522 2479 autem
549 2421 668 2479 diabolo
691 2421 808 2497 roganti
832 2439 1000 2478 concessam
1027 2439 1102 2494 esse,
1128 2429 1164 2478 ut
1190 2418 1346 2478 bominum

248 2503 340 2565 iidem
356 2524 422 2583 erga
443 2506 536 2564 lleum
552 2507 729 2564 tentarent.”
750 2536 792 2551 -
813 2504 872 2581 „Et
888 2524 954 2585 pag.
969 2507 1019 2569 98.
1038 2504 1070 2563 B.
1086 2501 1109 2583 ἤ
1126 2500 1217 2583 λεπτή
1232 2502 1347 2584 γένεσίς

250 2608 364 2669 φησιν,
386 2600 551 2649 maternum
573 2610 660 2651 avum
677 2590 790 2648 Abraae
812 2590 914 2648 eodem
933 2588 1051 2647 nomine
1075 2589 1201 2647 Abraam
1224 2607 1347 2646 nuncu-

248 2684 353 2755 patmn
375 2694 450 2751 esse;
474 2677 575 2733 Soram
601 2695 674 2738 vcro
699 2694 834 2734 sororem
856 2694 894 2733 ex
918 2673 1022 2732 eodem
1046 2692 1115 2731 cum
1138 2672 1233 2732 Abraa
1260 2682 1347 2753 patre

247 2759 433 2839 progenitam
447 2758 568 2821 fuissa.”
1337 2806 1339 2812 ,

337 2845 447 2902 Contra
466 2864 559 2902 unum
581 2845 788 2919 fragmentum,
810 2842 890 2921 quod
905 2840 1060 2901 Fabricius
1075 2861 1141 2920 pag.
1156 2840 1224 2904 142.
1235 2859 1346 2919 parvae

251 2927 360 2987 Genesi
382 2927 505 3003 tribuit,
529 2927 601 2986 huic
625 2928 702 2987 libro
725 2926 915 2987 detrahimus.
960 2926 1120 3003 Gregorius
1143 2933 1262 3000 narrat,
1289 2926 1344 2981 Se-

250 3011 338 3071 tlrum
355 3012 577 3091 quadragesimo
601 3014 702 3071 aetatis
724 3034 802 3071 anno
824 3012 860 3071 ab
887 3011 1003 3088 Angelis
1025 3019 1145 3088 raptum
1165 3008 1346 3067 revelatione

251 3098 356 3157 divina
393 3096 532 3156 didicisse
558 3099 774 3176 Egregororum
804 3098 933 3167 crimen,
964 3093 1109 3154 diluvium
1135 3095 1286 3165 futurum,
1315 3101 1346 3151 et

251 3184 424 3240 Salvatoris·
446 3181 623 3241 artnentum:
649 3200 861 3259 reversumque
884 3187 953 3258 post
973 3179 1167 3257 quadraginta
1187 3179 1249 3236 dies
1270 3176 1345 3235 baec

251 3268 307 3325 sibi
323 3268 452 3327 revelata
472 3267 575 3346 primis
590 3267 760 3345 parentibus
776 3266 947 3343 exposuisse
966 3273 1023 3321 etc.
1044 3296 1087 3310 —
1108 3264 1267 3339 Gregorius
1288 3282 1346 3319 au·

252 3360 382 3427 ctorem,
404 3372 491 3430 quern
504 3351 650 3429 sequitur,
672 3371 733 3408 non
746 3350 894 3421 nominat,
915 3349 948 3407 in
963 3348 1134 3424 fragmentis
1150 3368 1221 3406 vero
1235 3366 1346 3426 parvae

252 3430 399 3493 Geneseos
420 3436 527 3496 nullibi
548 3436 704 3512 vestigium
729 3434 864 3493 vaticinii
882 3435 914 3491 in
939 3432 1077 3491 blessiam
1098 3442 1148 3490 ant
1170 3432 1345 3511 religionem

248 3516 442 3577 christianam
458 3520 667 3601 deprenditur3
690 3520 751 3594 sed,
776 3519 824 3580 uti
836 3539 873 3577 ex
887 3518 1069 3596 Hieronymo
1085 3516 1255 3586 didicimus,
1277 3518 1344 3571 Ile-

251 3603 351 3660 braico
365 3603 439 3661 libor
450 3605 579 3685 scriptus
592 3606 665 3680 suit,
687 3622 784 3683 neque
798 3605 926 3681 cogitare
939 3602 1026 3675 licet,
1047 3600 1261 3679 Hieronymum
1274 3618 1344 3657 ver-

247 3686 362 3747 sionem
384 3686 557 3748 Hebraicam
579 3690 771 3748 laudaturum
791 3688 899 3763 fuisse,
921 3686 946 3745 si
968 3686 1044 3744 liber
1062 3686 1218 3763 originitus
1241 3702 1344 3760 graece

246 3772 379 3852 scriptus
395 3772 505 3830 fuisset.
547 3774 792 3853 Antiquissimus,
814 3772 865 3850 qui
880 3792 1003 3851 parvam
1018 3771 1144 3829 Genesin
1158 3768 1276 3842 laudat,
1298 3777 1345 3827 est

246 3856 464 3936 Epiphanius,
499 3858 550 3933 qui
581 3860 678 3917 medio
701 3856 821 3917 saeculo
849 3864 954 3933 quarto
978 3864 1047 3935 post
1071 3854 1139 3912 Chr.
1162 3862 1225 3911 nat.
1248 3852 1342 3928 vixit3

248 3942 370 4020 eiusque
383 3950 475 3999 aetate
487 3940 561 3999 liber
577 3942 635 4001 inm
651 3944 844 4022 pervulgatus
860 3940 950 3999 fuisse
963 3941 1089 3999 videtur.
1132 3937 1268 3997 Fortasse
1282 3937 1341 3995 ianr

247 4035 317 4085 ante
334 4024 404 4086 chr.
421 4035 481 4088 nat.
499 4025 629 4103 scriptus
643 4036 700 4102 est3
722 4036 762 4102 et,
784 4025 818 4085 ni
834 4026 940 4098 fallor,
962 4025 1024 4104 ipse
1042 4021 1184 4101 Iosephus
1200 4021 1342 4081 traditio-

247 4130 300 4169 nes
313 4110 450 4169 ludaicas
463 4130 501 4169 ex
515 4130 548 4169 eo
562 4108 675 4169 hausit:
701 4121 780 4170 certe
793 4110 895 4170 eadem
910 4112 981 4183 sere,
998 4108 1114 4185 quaein
1128 4108 1234 4165 Genesi
1242 4126 1342 4185 parva

247 4194 359 4254 tradita
376 4205 463 4271 sunt,
486 4204 602 4269 narrat,
624 4196 816 4274 quamobrem
836 4195 981 4272 Georgius
1001 4200 1029 4250 et
1052 4192 1103 4250 alii
1124 4192 1276 4251 interdurn
1297 4186 1342 4271 (p.
1421 4265 1424 4271 Ι

248 4282 278 4345 8.
295 4280 345 4355 b.;
367 4279 495 4339 lllichatil
510 4281 617 4359 Glycas
633 4300 664 4359 p.
682 4280 756 4353 1043
781 4278 926 4355 Georgius
942 4276 1093 4336 Gedrenus
1108 4298 1139 4356 p.
1153 4280 1196 4352 8.)
1220 4274 1342 4354 losepbi

249 4363 460 4427 auctoritatem
478 4374 508 4427 et
530 4384 640 4448 parvae
661 4364 811 4460 Geneseos
832 4363 1028 4443 coniungunt.
1052 4394 1094 4410 -
1117 4362 1171 4422 llle
1197 4360 1283 4419 locus
1304 4359 1342 4419 de
