3109 4959
250 418 327 490 372
617 421 962 497 EMENDATIONES

250 580 342 641 babes
360 578 492 639 emundi
502 577 626 642 exordio
643 581 735 651 4172.
749 577 866 640 Eusebii
883 580 1006 642 calculis
1021 589 1240 660 congruentem.
1281 579 1342 640 llc-

156 663 188 716 ν.
203 664 236 719 15
253 664 326 745 quid
337 665 466 742 Scaliger
480 665 641 726 Eusebium
656 665 700 738 εἰς
712 661 745 727 τὸ
757 660 856 748 ,δνοηῖ
872 663 941 744 ἤτοι
954 671 997 749 spi
1018 675 1074 727 etc.
1086 733 1088 740 ¹
1098 667 1277 726 scribentem
1290 665 1343 724 in-

253 748 358 809 ducit?
379 749 498 809 Eusebii
511 771 550 809 an
566 751 686 826 Georgii
702 759 876 830 excerptum
892 750 1062 810 huiusmodi
1074 751 1113 810 sit
1123 751 1187 831 ipae
1200 759 1343 828 exponat.

251 835 386 915 Exponit
402 844 482 894 certe
497 844 527 894 et
539 855 671 896 errorem
690 833 854 893 admissum
868 837 980 894 latetur
992 836 1130 894 Animad.
1143 855 1211 914 pag.
1222 836 1294 900 250.

338 922 406 980 Τῶν
418 914 452 981 ο’.
462 919 636 1002 γλωσσῶν]
659 919 838 995 hinguarurn
853 939 1036 980 numerumn
1049 922 1099 984 SS.
1118 921 1173 983 PP.
1188 918 1344 978 nonnullis

247 1023 287 1064 ex
304 1001 449 1061 Gentibus
463 1010 515 1070 72.
532 1004 690 1064 collectum
705 1004 861 1083 Scriptura
875 1012 964 1064 tacet.
1009 1006 1080 1064 Ilius
1103 1003 1239 1064 meminit
1253 1004 1345 1062 Euse-

247 1088 315 1148 bius
335 1088 368 1145 in
390 1086 560 1163 Chronico,
589 1087 776 1168 Epiphanius
799 1085 853 1146 sub
876 1088 989 1147 Panarii
1015 1088 1188 1162 exordium,
1219 1096 1249 1145 et
1268 1086 1345 1147 llae-

246 1171 307 1234 rsai
320 1176 370 1238 39.
382 1172 634 1248 Augustinuslib.
654 1177 703 1238 16.
723 1173 760 1231 de
776 1171 864 1237 Civit.
881 1173 934 1233 llei
960 1193 1026 1253 cap.
1048 1173 1078 1239 8.
1098 1182 1129 1232 et
1149 1179 1200 1238 11.
1216 1171 1346 1252 Prosper

248 1257 301 1318 lib.
316 1262 346 1321 2.
362 1255 398 1314 de
413 1256 518 1321 Vocat.
536 1258 621 1316 Gent.
639 1256 746 1317 etalii.
1357 1319 1361 1330 κ

335 1339 397 1401 Kal
414 1345 470 1403 τοῦ
482 1342 556 1405 οἱοῦ
568 1333 676 1403 τούτου
691 1343 814 1403 Καΐνᾶν
826 1334 913 1421 ’τνη’.]
937 1339 1095 1401 Eusebiani
1107 1350 1208 1401 textus
1226 1359 1347 1420 repara.

251 1435 345 1484 torem
355 1426 535 1503 Scaligerum
548 1425 710 1485 benevolus
717 1427 824 1483 Lector
839 1427 1058 1505 contempletur
1071 1446 1136 1504 pag.
1156 1430 1207 1492 11.
1219 1426 1298 1484 linea
1312 1424 1345 1488 6.

251 1507 356 1568 Viden'
376 1518 412 1566 ut
431 1510 504 1567 solis
527 1509 622 1587 ipsius
638 1508 730 1567 radiis
749 1509 861 1567 scribat
873 1508 925 1570 sal
939 1513 994 1571 τοῦ
1012 1510 1084 1571 ulad
1097 1504 1204 1571 τούτου
1225 1511 1347 1570 Κοῖνοῖν

250 1586 325 1672 τνη’.
369 1593 409 1651 At
425 1603 504 1654 certe
521 1591 632 1652 Cninan
647 1592 735 1651 istoru
752 1591 902 1651 Chronico
918 1613 979 1653 non
993 1593 1118 1653 inseruit
1133 1592 1285 1668 Eusebius,
1307 1610 1348 1650 cx

250 1697 312 1756 quo
331 1686 431 1736 tantas
444 1678 481 1737 de
503 1677 557 1736 illo
581 1676 691 1757 passim
704 1677 792 1756 >apud
808 1676 967 1755 Georgium
991 1678 1141 1756 querelae,
1160 1697 1198 1734 ex
1219 1677 1281 1736 eius
1298 1676 1346 1742 in,-

251 1783 354 1840 quam,
377 1763 533 1822 omissione
549 1762 745 1841 stupiditatis,
760 1761 972 1840 negligentiae,
993 1763 1102 1822 erroris
1118 1761 1261 1822 Eusebius
1272 1761 1346 1819 adeo

155 1850 187 1902 Ρ.
203 1850 237 1904 16
254 1849 422 1926 frequenter
438 1848 610 1921 damnatus,
631 1856 666 1904 ut
678 1846 818 1904 nonnihil
832 1847 864 1905 in
879 1868 913 1905 eo
928 1848 966 1906 ad
979 1867 1104 1927 poenam
1119 1844 1266 1906 trahendo
1280 1844 1347 1904 im-

251 1940 402 2009 portunus
420 1941 449 1991 et
465 1932 627 1991 inclemens
642 1931 788 2008 Georgius
803 1933 960 2010 syncellus
981 1951 1043 1991 esse
1060 1930 1207 1990 videatur.
1247 1929 1347 1988 Euse-

251 2015 295 2074 bai
309 2025 409 2074 iernen
426 2015 623 2096 interpolator
636 2016 767 2092 Scaliger
780 2016 893 2075 Cainan
905 2018 937 2075 in
946 2016 1063 2076 Eusebii
1076 2024 1195 2075 textum
1212 2014 1294 2093 quasi
1307 2031 1347 2073 ex

250 2100 315 2158 eius
327 2099 427 2157 verbis
441 2101 542 2159 refert.
585 2099 669 2177 Sapit
681 2100 825 2176 Georgius
839 2101 1000 2160 Eusebium
1015 2100 1184 2159 omissionis
1195 2100 1347 2172 incusans,

249 2205 289 2242 an
299 2182 414 2262 desipit
431 2185 562 2262 Scaliger
575 2183 702 2244 Eusebio
716 2183 813 2242 invito
828 2194 857 2244 et
872 2184 1055 2264 stupiditatis
1075 2183 1195 2243 nominc
1207 2183 1346 2242 damnato

169 2315 174 2330 .
249 2287 316 2347 pag.
332 2270 382 2333 54.
398 2274 449 2334 79.
466 2270 596 2334 85.169.
642 2268 753 2326 cainan
776 2268 939 2328 secundum
956 2269 987 2328 in
1005 2269 1068 2328 eius
1089 2269 1201 2348 scripta
1216 2266 1347 2348 apppos-

251 2347 348 2430 τήτως
363 2352 545 2413 intrudensl
567 2354 650 2426 Quae
665 2351 718 2413 hic
734 2352 918 2415 observanda
931 2353 1066 2435 superius
1084 2352 1244 2436 praemissa
1256 2371 1346 2432 repe-

250 2436 311 2494 ries
328 2434 367 2492 ad
379 2454 444 2512 pag.
460 2438 510 2499 42.
524 2446 619 2494 notas.

335 2519 395 2590 Εἰς
407 2525 510 2581 πᾶσαν
518 2515 576 2598 τήν
590 2518 772 2600 οἰκουμένην
785 2517 904 2601 ebrae]
928 2521 1028 2580 Alium
1042 2519 1199 2580 divisionis
1211 2517 1347 2576 ordinem
1470 2547 1472 2554 ·

248 2600 281 2661 in
297 2602 448 2662 Chronico
467 2603 610 2666 Alexand.
628 2606 847 2665 arrimadvertes
864 2605 964 2666 statim
981 2606 1014 2664 in
1029 2604 1141 2664 limine.

338 2692 405 2749 Τῶν
418 2681 474 2768 νβ.
497 2688 598 2751 ἐθνῶν
615 2683 768 2768 ὀνόματα]
811 2692 865 2750 llla
891 2690 1054 2770 desumpsit
1076 2685 1195 2747 Autbor
1216 2701 1254 2744 ex
1268 2684 1347 2743 lose-

248 2770 303 2852 phi
319 2772 416 2851 Antiq.
431 2774 482 2831 lib.
500 2779 527 2837 1.
543 2793 608 2852 cap.
621 2779 652 2837 7.
665 2795 724 2851 quo
741 2784 848 2833 cuncta
861 2776 1015 2836 nationum
1027 2773 1125 2855 capita
1140 2779 1348 2850 exponuntur:

251 2857 381 2914 Graecae
397 2856 636 2937 pronuntiationi
656 2859 792 2916 vciniora
812 2869 881 2938 post
899 2859 1057 2940 Iosephum
1075 2855 1193 2917 Author
1204 2851 1346 2914 reddidit.

249 2941 276 2999 A
294 2942 421 3017 Georgio
437 2952 588 3001 mutuatus
606 2950 652 3001 est
669 2943 819 3001 Gedrenus
835 2942 974 3003 editionis
991 2944 1096 3020 Regiae
1110 2961 1167 3020 pag
1184 2945 1232 3005 12.
1249 2959 1266 2996 ἃ
1281 2946 1348 2997 les·

250 3045 304 3100 go:
327 3024 391 3083 hiat
406 3036 506 3083 tamen
520 3026 624 3084 iisdem
639 3027 673 3086 in
686 3029 761 3087 locis
784 3028 936 3107 exemplar
949 3037 1109 3105 utrumque
1124 3033 1154 3083 et
1167 3025 1278 3083 editum
1293 3024 1348 3080 Ce-

251 3109 338 3168 ‹lreni
358 3119 387 3168 et
402 3109 521 3187 Georgii
532 3111 594 3169 MS.
610 3118 639 3168 et
652 3111 828 3171 Vaticanum
843 3112 969 3172 Cedreni
994 3113 1084 3192 opera
1107 3107 1278 3168 amicissimi
1294 3106 1347 3165 ll-

249 3193 317 3252 latii
329 3196 496 3254 consultum
508 3194 613 3254 iisdem
627 3196 742 3256 lacunis
755 3199 889 3258 deforme
904 3207 966 3273 est3
989 3195 1198 3272 communique
1209 3191 1348 3251 testimo-

249 3277 302 3336 nio
316 3279 407 3358 primi
424 3280 544 3356 Georgii
558 3280 745 3361 Autographi
767 3283 916 3344 desectum
937 3292 1076 3361 arguunt.
1118 3277 1284 3338 Nonnullae
1308 3292 1347 3331 ex

250 3361 377 3442 losepho
386 3365 447 3424 suis
459 3365 532 3424 locis
546 3366 661 3445 replevi
674 3367 812 3444 lacunas,
835 3367 964 3447 reliquas
978 3385 1116 3448 reparare
1126 3361 1271 3444 Iosephus
1282 3359 1348 3438 ipse

250 3463 314 3506 non
330 3450 462 3527 potuisse
477 3459 604 3510 testatur
619 3450 699 3509 notis
712 3453 914 3530 sequentibus.

334 3527 397 3609 Ἀφ’
415 3526 454 3597 οὗ
473 3534 604 3616 Λυδοί]
635 3535 807 3596 chronicon
830 3535 1078 3597 Alexandrinum.
1108 3525 1210 3605 nott,
1231 3524 1348 3597 scribit,

250 3612 282 3689 ἐξ
298 3607 337 3677 οὗ
351 3621 514 3705 Meleissa,
536 3619 589 3682 sel
601 3622 725 3700 Μῆδοι,
747 3620 800 3684 καὶ
813 3620 938 3706 Πέρσαι.
976 3620 1110 3680 lladerus
1125 3611 1258 3676 restituit
1275 3607 1347 3672 Mai-

253 3721 356 3774 κωνες.

335 3778 445 3864 Σύροι]
467 3784 558 3846 ldem.
572 3780 681 3851 Ἐκναί.
1348 3831 1351 3838 .

266 3865 514 4015 εᾰὼΤράχωνος]
532 3870 611 3930 ldem
623 3874 804 3936 Μαδιναῖον.
826 3873 961 3935 liederus
973 3867 1140 3952 improprie
1153 3859 1346 3925 Madnasa·

250 3974 267 4014 r
328 3954 393 4016 'dit

335 4035 524 4122 Meyepdol.]
548 4037 640 4098 Idem.
661 4040 769 4102 Λυδοί.

334 4116 509 4205 Ἀρμένιον]
532 4123 627 4184 Idem.
649 4124 817 4203 Γαρφηνοί.
885 4163 887 4166 -

334 4203 516 4289 Meminisse]
539 4210 633 4271 Idem.
654 4202 844 4287 Ἀὶοσσηνοὶ.

334 4294 478 4375 Ketaria]
501 4294 596 4369 Quem
616 4302 696 4355 tacet
709 4291 873 4368 Eusebius,
895 4297 1038 4352 memorat
1050 4289 1157 4352 iterum
1172 4279 1345 4362 Scaligeria

251 4375 322 4436 licto
336 4376 457 4440 Eusebii
474 4389 573 4443 textu.
