3109 4959
601 427 900 499 utssEuTarto.
1266 425 1291 498 5

291 587 475 663 Quamquam
491 605 563 646 vero
586 585 685 666 plures
707 586 766 645 iam
786 597 855 652 ants
876 582 946 647 clar.
969 596 1031 648 nat.
1045 587 1078 648 in
1097 586 1249 668 Aegyptiis
1262 598 1293 651 et

210 669 338 747 Persicis,
362 672 490 729 irraxime
503 671 532 730 in
549 671 669 731 Graecis
685 672 881 751 Romanisque
894 672 981 731 rebus
994 672 1032 729 ad
1047 675 1188 751 taratros-is
1202 676 1292 733 ratio.

209 776 271 813 nenr
300 756 506 834 comparandis
533 776 654 835 operam
686 756 919 832 collocaverant,
944 756 1024 815 inter
1052 778 1127 835 qnos
1155 758 1290 837 inprimis

208 840 370 898 laudandus
383 860 445 899 csse
458 838 575 899 videtur
590 840 736 900 lliodorus
749 842 886 900 Siculus:
907 862 1002 901 atavae
1013 849 1110 899 tamen
1125 842 1290 902 difficulta-

204 932 250 981 'tcs
264 934 384 983 exortae
395 934 480 1001 sunt,
500 944 591 1002 quum
609 935 679 1004 post
691 925 760 984 cta.
773 935 833 985 nat.
845 928 1004 1004 scriptores
1016 926 1177 984 clns'atisnsi
1189 948 1291 987 oannes

206 1010 383 1087 populorum
398 1029 443 1068 res
457 1018 552 1085 gestas
572 1010 611 1068 ad
629 1011 864 1088 Cdrorsolagt'am
875 1011 1029 1069 Bidlicmn
1041 1012 1150 1070 relerre
1164 1012 1291 1071 studue-

204 1102 293 1167 runt,
315 1102 380 1171 qua'
392 1095 467 1151 duco
486 1113 643 1153 numerum
664 1113 811 1157 aratrorum
826 1114 919 1173 usqua
940 1097 977 1155 ad
993 1096 1169 1156 creationem
1184 1098 1289 1157 mundi

204 1178 342 1255 colligere
355 1198 438 1256 posse
451 1176 506 1235 sibi
519 1178 706 1243 videbantur.
1294 1206 1297 1211 ·

290 1266 395 1322 Ornatas
409 1262 486 1319 onim
500 1276 603 1341 geistes
618 1285 654 1324 cx
673 1264 773 1323 indole
789 1263 902 1341 gesseris
913 1261 1056 1337 bomani,
1077 1264 1123 1322 uti
1136 1284 1224 1323 senex
1239 1263 1289 1323 iu-

202 1356 353 1406 ventutem
366 1346 502 1405 laudibus
521 1349 622 1423 cll'ert,
645 1352 860 1427 antiquitatem
873 1367 956 1406 suam
975 1348 1113 1407 omnibus
1128 1349 1291 1408 virtutibus

203 1432 338 1509 corporis
367 1440 456 1509 atque
484 1433 590 1507 animi,
613 1433 854 1513 pulchritudine,
875 1432 1062 1502 valetudiue,
1083 1432 1290 1509 longaevitate,

201 1514 379 1575 abundantia
394 1526 484 1594 atque
498 1518 789 1577 excellentia-rorum
807 1516 953 1589 omnium,
974 1515 1095 1591 iustitia,
1112 1517 1290 1593 irnmcontia,

136 1616 143 1626 ’
201 1620 314 1658 surarum
330 1600 473 1659 solicitata
488 1614 614 1677 assuant,
639 1622 816 1681 aureamque
830 1612 954 1660 aetatem
970 1599 1127 1677 aliquando
1140 1601 1218 1660 inter
1233 1600 1290 1660 bo-

200 1685 293 1742 mines
316 1684 407 1743 luisse
430 1687 556 1763 lingunt.
600 1687 739 1767 Inprimis
755 1688 880 1746 laudant
897 1687 1009 1763 primos
1022 1684 1156 1743 homines
1171 1687 1300 1764 longae·—

199 1790 251 1825 vas·
274 1769 375 1842 fuisso,
403 1779 432 1828 et
453 1772 569 1845 Graeci,
591 1773 678 1830 sicuti
708 1772 853 1849 Aegyptii,
875 1769 1022 1840 Cltaldaci,
1045 1769 1216 1844 Phoenicas,
1237 1794 1291 1829 as·-

198 1864 273 1909 terea
303 1857 385 1910 mitte
409 1877 504 1913 aranas·
523 1860 632 1912 atatam
649 1854 782 1912 tradunt.
831 1850 986 1929 (loscplrus
1005 1852 1153 1929 Antiquit.
1176 1854 1288 1913 ludaic.

198 1937 266 1995 libr.
289 1938 310 1999 l.
333 1959 397 2015 ιιι).
419 1939 489 2017 3§.
508 1937 615 2016 9).—
573 1936 844 1997 -l‘raeterhauc
861 1955 1044 2002 corsrmunem
1063 1936 1193 1995 indolem
1209 1960 1288 2016 pro-

193 2025 302 2099 paisant
321 2024 420 2099 poprd
419 2046 436 2077 a
466 2022 593 2081 ΙιιιΙιιίου
616 2022 738 2081 iuvenili
757 2021 889 2079 studium
903 2021 975 2095 tait,
997 2019 1091 2095 gentis
1104 2041 1174 2079 suae
1188 2032 1289 2081 ortum

199 2128 215 2163 a
237 2107 296 2185 piis
316 2106 579 2185 primogenitorum
594 2086 770 2186 'nepotibus
781 2106 941 2180 deducere,
970 2114 1006 2163 ut
1030 2124 1075 2178 se,
1097 2124 1114 2163 a
1135 2106 1206 2164 lova
1232 2127 1287 2165 suo

199 2189 401 2263 amatissimos,
421 2212 489 2269 'rrae
504 2193 640 2250 omnibus
654 2202 749 2262 terrae
765 2190 884 2287 populis
897 2198 1089 2253 ostentarent.
1116 2190 1194 2249 Ilinc
1206 2211 1288 2250 sum-

198 2296 247 2334 ana
275 2296 342 2334 cum
363 2276 514 2350 diligentia
531 2279 747 2354 Geraealogiom
763 2276 909 2335 maiorum
930 2274 1122 2333 effinxerunt:
1141 2296 1289 2355 quartique

199 2368 332 2419 caeterae
353 2369 453 2437 geistes
480 2362 512 2419 in
533 2361 722 2437 universum,
744 2370 857 2419 veteres
872 2359 953 2418 mille
966 2378 1058 2415 annm
1071 2358 1196 2429 vixisse,
1217 2381 1287 2417 nar·
1331 2423 1332 2426 Ἰ

196 2454 315 2519 carent,
338 2444 436 2502 ludaei
457 2446 588 2521 singulos
613 2448 821 2521 nominarunt,
845 2452 873 2502 et
893 2444 1075 2519 singulorum
1098 2462 1191 2501 asinos
1210 2442 1289 2503 vitae

196 2528 368 2585 accuratius
394 2527 587 2603 definierunt,
610 2540 644 2588 ut
667 2530 839 2587 continuam
854 2527 957 2586 seriem
972 2535 1002 2584 et
1013 2524 1170 2585 bominum
1185 2538 1216 2587 et
1234 2548 1290 2587 an-

195 2631 307 2670 norum
321 2630 499 2688 corripanrre
514 2622 643 2691 possent,
666 2632 741 2690 quaa
756 2634 772 2669 a
785 2612 949 2691 praesentia
964 2620 1046 2669 recta
1061 2610 1141 2670 littea
1152 2610 1190 2669 ad
1203 2616 1290 2692 prin-

197 2697 310 2777 cipium
330 2714 432 2753 rerum
457 2697 661 2771 adscenderet,
685 2718 718 2754 ac
727 2699 798 2774 pios
812 2695 1022 2775 primogenitos
1039 2695 1134 2773 gentis
1150 2697 1288 2757 Iudaicae

196 2791 335 2841 auctores
351 2800 414 2838 csse
432 2781 645 2860 comprobarat.
665 2779 761 2840 'llanc
775 2780 1004 2858 Chronologiam
1018 2780 1195 2840 ludaeorum
1210 2781 1288 2840 scri-

195 2875 297 2947 ptores
320 2863 477 2925 christiani
492 2886 553 2924 ιιοιι
566 2888 583 2922 a
595 2865 719 2924 iuvenili
733 2875 820 2943 gente
832 2864 947 2943 fictam,
969 2866 1021 2924 sed
1040 2886 1056 2923 o
1070 2885 1103 2924 re
1117 2885 1187 2925 vera
1202 2886 1289 2924 com-

195 2951 325 3031 positam
355 2950 405 3007 val
427 2971 442 3007 a
462 2952 520 3009 lleo
536 2950 599 3031 ipso
613 2950 789 3029 inspiratam
802 2970 864 3009 esse
881 2959 1078 3025 censuerunt,
1096 2950 1177 3009 unde
1194 2960 1222 3008 ct:
1235 2972 1288 3029 po-

195 3038 303 3116 pulum
314 3032 469 3094 Iudaicum
481 3046 630 3113 tamquam
646 3036 791 3115 populum
806 3035 860 3094 Dei
873 3034 1003 3113 primum
1017 3035 1150 3093 omnium
1163 3044 1287 3111 ponunt,

197 3142 233 3179 aa
248 3112 430 3179 caeterarum
449 3122 581 3199 gentiana
598 3140 645 3180 rcs
657 3131 752 3199 gestas
767 3120 893 3179 Iudaicis
906 3129 1054 3195 tamquam
1070 3117 1221 3176 addititias
1238 3119 1288 3177 in-

195 3214 311 3265 serunt.

283 3288 397 3347 Primus
414 3288 647 3348 christianornm
661 3286 698 3345 ad
711 3286 944 3346 honorationem
954 3284 1192 3363 chronologicon
1207 3285 1287 3345 scri-

195 3376 261 3453 psit
275 3373 374 3431 Jolt'ns·
388 3373 574 3449 Africanus,
597 3372 833 3431 accuratissimus
848 3380 1014 3451 temporum
1031 3370 1219 3442 observator,
1244 3370 1287 3428 uti

194 3457 340 3537 loseplrus
366 3450 492 3533 Scaliger
509 3458 614 3517 merito
631 3477 698 3516 oum
713 3456 831 3530 laudat,
853 3458 907 3515 sub
921 3458 1097 3534 imperatore
1112 3456 1151 3514 Μ.
1168 3455 1287 3512 Aurelio

195 3543 349 3601 Antonino
358 3542 557 3618 Heliogabalo,
576 3542 754 3621 Olympiade
768 3546 841 3619 250,
860 3543 953 3600 Grato
964 3542 1122 3600 Severiano
1138 3548 1169 3596 et
1183 3541 1286 3597 Soleu-

194 3646 232 3684 co
252 3649 337 3703 coss,
360 3626 713 3693 aranornundi5723ime
729 3631 800 3693 223,
817 3628 1029 3705 postChr.nat.
1038 3625 1288 3701 ecomputationc

195 3674 349 3788 dlricanl,
371 3722 460 3771 autsr
453 3712 648 3789 Dionysium
663 3712 814 3808 Abbatem,
837 3731 922 3789 (luem
938 3711 1081 3787 Exiguum
1105 3708 1220 3784 dicunt,
1242 3729 1287 3766 sc-

196 3795 250 3873 qui
273 3798 375 3873 malis,
396 3806 544 3855 auctorem
565 3806 684 3855 nostrae
698 3796 822 3855 rationis
843 3816 935 3853 annos
949 3792 1162 3884 computandi,
1184 3815 1209 3849 a.
1226 3796 1286 3857 221

196 3887 266 3959 post
280 3878 350 3939 (ilar
369 3881 522 3957 (Geospus
534 3882 689 3959 bjncellus
704 3900 770 3960 pau
781 3885 850 3955 107,
867 3886 929 3946 212
942 3854 1056 3954 et359
1071 3875 1289 3936 EusebiiClrr-o

114 4018 118 4025 ,
196 3963 338 4023 nicarum
359 3965 428 4024 libr
443 3966 479 4024 ll.
495 3986 665 4025 eversione
680 3966 771 4025 latina
791 3963 965 4041 llraronytm
980 3983 1047 4042 liat,
1064 3966 1141 4036 1733
1172 3958 1290 4040 loseplri

198 4048 338 4125 Scaligcri
356 4049 585 4111 Animadvers'
576 4072 609 4109 tn
628 4048 767 4109 Chamonol
782 4050 889 4108 Euscb
907 4068 972 4126 pag
985 4045 1071 4126 212).
1098 4046 1250 4103 Nomen
1226 4064 1289 4102 orus

198 4132 366 4210 significare
395 4134 629 4211 videtur,cn1n
656 4136 689 4193 in
713 4133 814 4193 Africa
836 4142 937 4192 tratum
957 4152 1027 4193 osse.
1070 4130 1105 4188 ln
1127 4130 1290 4189 Palaestina

197 4216 362 4276 habitavit:
383 4216 496 4293 legatas
519 4219 599 4281 enim
616 4220 674 4279 luit
690 4219 881 4297 Nicopolcos,
903 4216 986 4275 urbis
1003 4214 1198 4284 Palaestinae,
1221 4215 1290 4272 laco

198 4300 458 4360 Ennaauntisvici
477 4302 583 4381 (lucas
598 4326 662 4383 cap.
678 4304 720 4370 24
735 4324 765 4363 v.
784 4300 835 4382 13)
852 4302 998 4377 conditae,
1020 4300 1291 4386 adlmperatorcm,

199 4404 290 4463 qnam
314 4386 454 4447 Eusebius
476 4387 653 4461 (secundum
668 4388 834 4449 versionem
855 4387 978 4447 latinam
996 4381 1183 4465 Hieronymi)
1200 4384 1292 4442 Anto·
