3109 4959
549 429 609 496 ET
630 428 982 498 ANNOTATIONES.
1209 425 1285 498 349

194 591 361 658 thesaurus.
403 587 486 650 Haec
504 609 598 669 porro
614 587 706 648 verba
726 582 802 649 sard
821 582 875 649 adr
897 585 1026 666 poscatis
1044 583 1135 672 λόγον
1146 585 1284 672 Ἀφρικα-

195 682 254 740 νοῦ
273 669 426 756 Xylander
447 674 574 734 Cedreni
593 673 742 752 interpres
760 672 916 751 exposuit,
942 677 974 732 in
992 678 1132 734 naturali
1151 682 1286 736 orations

196 761 310 820 author
326 771 389 818 est:
403 762 440 818 ¹at
455 779 517 819 non
533 759 598 840 ipse
613 757 745 818 reddidit
761 753 836 818 narsi
851 754 900 820 siv
918 757 1044 834 patinis
1062 756 1160 845 λόγον.

285 866 346 924 Τοῦ
360 859 392 924 δὲ
404 857 497 934 lisois
510 854 580 938 inst]
594 860 674 919 Enos
688 857 830 918 amundo
844 858 966 918 condito
977 861 1108 922 nascitur
1120 881 1198 921 auno
1212 863 1285 932 435.

196 948 235 1008 ad
247 947 377 1028 primum
391 946 491 1026 itaque
505 947 576 1012 532
594 965 740 1004 annorum
756 944 903 1002 circulum
920 945 976 1002 soli
991 951 1040 1012 97.
1058 948 1243 1007 numerandi.

283 1037 331 1116 Τῷ
354 1030 551 1115 ἑξακοσιοοτῷ
570 1029 651 1108 ἔτεα]
672 1029 754 1088 Haeo
773 1031 873 1088 eadem
896 1029 1047 1089 Cedrenus
1071 1033 1209 1091 editionis
1230 1035 1286 1092 Rs·

196 1117 260 1194 gias
279 1116 386 1197 pagina
401 1123 431 1182 9.
445 1137 483 1175 ex
499 1135 558 1194 quo
574 1135 650 1194 quae
670 1113 722 1173 hic
742 1114 850 1173 desunt
867 1124 994 1194 possunt
1010 1116 1124 1196 repeti,
1153 1138 1170 1175 a
1189 1119 1286 1195 nobis,

197 1202 278 1281 quod
294 1199 468 1281 apocrypha
487 1200 565 1275 siut,
588 1199 776 1260 omittuntur.

280 1304 410 1381 Peg-11.
431 1300 652 1384 Πληρωθὲντος
666 1292 723 1364 osis
736 1299 1078 1380 issamoi.]Quodsnno
1092 1301 1287 1382 praecedente

195 1387 327 1466 grauiter
337 1385 495 1446 admodum
504 1387 609 1463 laesus,
624 1386 800 1446 succedente
814 1386 929 1447 obierit.
959 1387 1011 1446 Vel
1027 1387 1167 1461 dictione,
1179 1386 1287 1464 τέθνη-

195 1495 265 1550 sss,
287 1482 437 1552 expuncta
456 1492 581 1552 sequens
597 1472 738 1553 pericope
750 1473 795 1528 ita·
808 1471 982 1532 deducatur.
1004 1471 1216 1552 πληρωθέντος
1230 1467 1287 1535 asir

195 1555 334 1620 ἐνιαυτοῦ
348 1554 428 1640 pessi,
438 1553 492 1620 ads
503 1551 640 1620 θάνατον
653 1562 708 1618 τοῦ
720 1551 812 1635 'stiriis
826 1553 898 1636 Σὴθ
912 1551 1121 1638 ἦγεμόνευσεν.

241 1644 242 1647 ¹
278 1656 341 1720 Kal
354 1656 517 1740 ἐγέννησαν
536 1654 608 1733 assic
631 1657 800 1742 ripaursa]
823 1657 905 1730 Quae
918 1655 969 1716 hic
990 1657 1196 1719 desiderantur
1210 1679 1286 1739 sup-

194 1742 258 1822 plet
272 1743 431 1805 Cedrenus.

284 1848 346 1906 Τοῦ
359 1839 479 1924 nooisou
495 1845 613 1925 delitiosi
621 1837 741 1926 neap]
763 1845 806 1904 lle
817 1842 895 1904 libro
911 1840 1016 1902 Enoch
1032 1842 1168 1902 scribunt
1184 1864 1223 1904 ex
1235 1865 1286 1904 an.

195 1927 285 2008 liquis
305 1930 360 2004 Pr.
377 1931 594 2006 tertullianus,
617 1932 776 2009 Origenes,
797 1929 1013 2006 Hieronymus,
1034 1937 1064 1986 et
1083 1928 1286 2006 Augustinus:

195 2034 254 2090 qua
271 2008 451 2074 authoritate
465 2015 578 2094 polleat
592 2017 625 2074 iu
642 2017 773 2075 Ecclesia
787 2022 910 2074 narrant
932 2011 1109 2091 interpretes
1123 2014 1158 2072 iu
1174 2015 1287 2094 episto-

195 2096 256 2156 lam
273 2098 380 2176 Iudae,
405 2100 580 2179 Passerinus
594 2101 801 2180 inapparatu,
824 2107 854 2158 et
866 2097 1005 2160 Peresius
1026 2097 1060 2158 iu
1078 2098 1214 2158 Genesim
1228 2099 1288 2159 dis-

194 2191 289 2261 putat.
307 2183 344 2244 de
359 2185 553 2244 translations
567 2193 597 2244 et
610 2185 730 2264 scriptis
743 2181 859 2245 Enoch.

276 2277 417 2364 Ἑρμαίο]
436 2285 582 2344 Hebraico
603 2299 692 2373 lffl'l'l
710 2308 728 2345 a
748 2285 850 2346 radice
875 2296 948 2368 ²2¹2
971 2282 1103 2344 Hilarius
1125 2283 1157 2344 in
1177 2285 1285 2346 Psalm.

196 2369 268 2433 132.
309 2371 445 2429 Hermon
457 2391 543 2429 mons
564 2382 607 2429 est
628 2374 661 2428 in
674 2372 837 2446 Phoenice,
859 2373 951 2428 cuius
971 2373 1178 2448 interpretatio
1194 2371 1288 2430 Ana-

110 2510 114 2516 ,
195 2452 296 2510 thema
316 2464 375 2510 est:
404 2452 489 2534 quod
507 2459 588 2513 enim
611 2456 699 2514 nobis
726 2455 903 2515 Anatlsema
921 2465 1133 2533 nuncupatur,
1163 2454 1200 2514 id
1220 2457 1288 2514 Ile-

194 2537 296 2594 braics
308 2539 441 2598 Jisrrrson
457 2539 582 2601 dicitur.
625 2543 735 2599 Fertur
753 2553 857 2600 autem
875 2537 926 2612 id,
948 2537 1055 2618 dequo
1074 2543 1166 2599 etiam
1187 2544 1287 2600 nescio

193 2623 286 2678 cuius
306 2622 382 2680 liber
403 2636 500 2699 estat,
525 2622 612 2704 quod
622 2626 737 2705 Angeli
756 2627 996 2705 concupiscentes
1007 2623 1100 2701 filias
1120 2625 1287 2702 homiuum,

194 2723 266 2764 cum
281 2703 318 2764 ds
342 2709 425 2766 caelo
443 2707 665 2787 descenderent,
694 2715 728 2769 in
744 2712 828 2770 hunc
844 2720 974 2770 montem
994 2712 1124 2768 maxime
1142 2713 1288 2770 conseni-

193 2802 259 2850 rent
268 2793 423 2871 essedum,

277 2877 345 2954 Peg·
363 2883 413 2944 12.
425 2875 588 2961 Φαρμακός
602 2879 737 2957 ἐδίδαξεν
747 2874 962 2961 φαρμακείας]
979 2878 1180 2939 Tertullianus
1194 2877 1285 2940 huius

193 2959 345 3038 opinionis
363 2971 494 3023 sectator
507 2964 629 3044 Apolog.
644 2986 710 3049 cap.
725 2965 788 3030 35s
821 2963 939 3023 Eadem
951 2965 1059 3043 officia
1072 2963 1244 3044 dependunt
1257 2974 1286 3020 et

193 3047 250 3122 qui
264 3047 444 3126 Astrologos
464 3058 493 3107 et
512 3054 668 3128 aruspices
687 3061 716 3110 et
735 3068 869 3129 augures
884 3060 912 3108 et
934 3050 1042 3128 magos
1062 3048 1099 3108 de
1118 3050 1285 3110 Caesarum

193 3131 294 3206 capite
308 3133 500 3195 consultante
522 3155 601 3213 quaa
619 3146 700 3194 artes
716 3145 753 3193 ut
772 3135 813 3192 ab
827 3134 954 3215 Angelis
968 3133 1167 3192 desertoribus
1178 3133 1285 3211 prudi-

194 3223 245 3270 tas
260 3222 288 3270 et
307 3219 410 3275 a'Deo
428 3220 626 3294 interdictas,
646 3241 684 3279 ne
694 3223 761 3279 susa
775 3218 897 3302 quidem
916 3221 1020 3277 causis
1038 3216 1182 3278 adhibent
1197 3217 1285 3274 (thr-i·

192 3299 299 3358 atiani.

276 3376 516 3464 Ἀστροαοπίαν]
534 3387 581 3448 An
594 3382 814 3472 ἆοτροσαοπίοο
826 3389 906 3466 legas
916 3385 1082 3449 inserturus
1103 3385 1177 3446 haec
1191 3393 1285 3446 astro·

191 3471 509 3549 rumjconteniplstio,
531 3474 584 3533 illa
607 3484 757 3536 astrorum
776 3491 901 3548 cursus,
924 3479 953 3531 et
973 3481 1069 3552 prout
1089 3480 1178 3532 vocat
1194 3471 1285 3532 Poeta

191 3552 303 3611 Lunae
315 3553 453 3633 Solisque
464 3556 589 3618 labores.
910 3603 914 3608 -

276 3637 344 3716 Psg·
354 3642 404 3705 ts.
412 3642 553 3720 Zucipoo
567 3639 802 3720 naucratim]
810 3636 925 3702 Suidss.¹
935 3633 1287 3748 Zoiatpocitlstasdpssir

191 3715 359 3800 φιλόσοφος
375 3720 539 3805 χημοατιαοὶ
559 3724 635 3807 noo'c
649 3728 814 3808 Θεοσεβὶαν
835 3721 890 3806 τήν
907 3717 1042 3804 aldetonsi
1061 3725 1203 3810 Ῑγροψεν.
1225 3723 1287 3786 ἔστι

193 3802 228 3885 dl
242 3802 318 3868 susal
336 3815 483 3888 στοιχεῖον
497 3806 530 3872 ἕν
543 3811 671 3891 βιβλίοις
689 3807 747 3890 κη’.
762 3805 973 3893 ὖπογροῖφεται
987 3808 1021 3874 di
1035 3807 1099 3874 sind
1111 3831 1203 3873 assos
1217 3811 1287 3869 Xer·

192 3883 342 3970 ρόκμητα,
362 3891 415 3954 sel
436 3889 634 3968 intuituros
657 3897 733 3976 β1ος.
774 3897 917 3956 &simus
927 3893 1158 3957 Alexandrinus
1174 3891 1287 3952 Philo-

191 3975 308 4051 sophus
321 3972 519 4056 desshynsia·
530 3977 576 4037 ad
593 3980 787 4039 Maiestam
806 4001 936 4040 sororem
954 3983 1096 4060 scripsit:
1122 3988 1165 4037 est
1184 3986 1285 4036 autern

192 4076 273 4136 opus
286 4059 375 4119 libris
389 4067 440 4129 28.
459 4062 626 4143 digestum,
649 4075 677 4122 et
689 4086 711 4123 a
728 4063 911 4145 quibusdam
927 4065 1134 4133 Chirocmeta,
1156 4071 1184 4120 et
1204 4062 1285 4121 Pla·-

190 4144 274 4199 torn's
290 4146 357 4202 rita
372 4148 570 4210 inscribitur
604 4150 648 4209 lle
665 4151 820 4230 l‘anopoli¹
830 4152 892 4210 eius
908 4150 1003 4232 patria
1021 4149 1116 4210 tradit
1132 4145 1284 4226 Originem

189 4224 336 4286 Eusebius
350 4229 387 4288 de
401 4231 539 4313 Praepsr.
556 4234 696 4314 Evangel.
712 4235 790 4295 libro
804 4235 894 4297 tertio
908 4235 1006 4316 capite
1021 4236 1052 4299 8.

275 4311 343 4390 Peg·
357 4313 407 4378 14.
417 4316 530 4397 Χῆμα]
541 4318 646 4378 Utrum
655 4321 764 4400 χημεία
775 4321 825 4380 vel
834 4321 940 4401 χομεία
950 4317 1148 4394 scribendum,
1158 4314 1284 4376 discutit

186 4394 310 4476 prolixe
318 4396 452 4461 Andreas
463 4402 606 4465 libarius
618 4405 753 4468 Medicus
761 4407 952 4486 syntagmate
964 4404 1002 4466 de
1014 4401 1188 4485 Alohymiae
1202 4420 1282 4463 arca-
