3109 4959
522 449 582 515 ΕΤ
602 447 953 518 ANNOTATIONES·
1212 435 1288 508 413

203 621 248 670 est
263 611 295 668 in
309 610 431 668 Ilaron.
460 607 498 666 Et
514 627 579 686 cap.
595 610 643 675 12.
665 627 695 668 v.
710 609 741 674 4.
774 609 976 688 Septuaginta
992 608 1125 686 quinque
1138 623 1289 662 annorum

203 707 271 752 erut
284 694 400 753 Abram
415 713 485 750 cuna
495 713 633 770 egressus
645 703 689 750 est
702 691 738 750 de
750 695 872 756 Horon.
907 693 953 752 Ex
967 689 1015 750 his
1034 687 1168 749 Abrabae
1184 698 1213 746 et
1234 707 1290 765 ge·

203 788 319 838 storum
336 779 398 852 eius
413 798 549 858 praesens
567 777 644 838 ratio
660 777 820 854 colligitur.
856 776 1003 849 Abraham
1018 774 1109 855 patris
1121 772 1218 833 'lbere
1232 793 1291 831 au-

203 883 244 922 no
260 870 310 928 70.
326 863 409 921 venit
423 862 455 920 in
471 863 584 939 lucem,
607 862 710 921 aetatis
722 883 793 922 vero
808 863 946 942 propriae
961 881 1039 919 anuo
1053 860 1103 924 75.
1125 877 1161 916 ex
1177 857 1288 930 Haran,

204 948 256 1006 ubi
277 967 342 1006 cum
365 955 449 1025 patre
471 947 658 1022 morabatur,
681 947 841 1006 discessum
859 945 995 1026 paravit,
1025 953 1054 1002 et
1069 942 1165 1001 solum
1188 942 1290 1014 vertit,

203 1032 297 1113 patris
314 1029 410 1090 Tlrare
431 1052 509 1089 anuo
534 1033 603 1097 145.
623 1032 685 1111 ipse
701 1032 797 1092 Tlrare
820 1033 927 1090 deinde
942 1030 980 1089 ad
998 1026 1289 1093 rosaemannus

203 1117 367 1196 produxit,
389 1125 457 1174 aute
470 1116 563 1196 patris
577 1117 668 1192 igitur
681 1117 797 1176 obitum
817 1126 847 1174 et
863 1137 956 1174 arrnos
977 1114 1039 1173 eius
1060 1112 1139 1171 vitae
1163 1119 1290 1190 postre-

202 1221 267 1259 mos
286 1207 336 1266 60.
353 1219 390 1259 ex
405 1201 505 1258 llarau
520 1201 551 1258 in
572 1202 698 1260 alienans
717 1212 827 1260 terram
846 1203 944 1260 luerat
964 1195 1111 1258 Abrabam
1126 1196 1288 1275 proiectus.

202 1285 249 1345 En
263 1296 361 1344 tamen
379 1295 413 1343 ut
425 1288 552 1344 Actuum
567 1292 596 1350 7.
614 1306 643 1348 v.
660 1287 688 1350 4.
705 1285 872 1365 Stephanus
887 1284 1000 1364 Spiritu
1017 1284 1122 1362 plenus
1138 1290 1169 1339 et
1180 1278 1290 1358 impul-

203 1389 272 1444 sus,
294 1371 330 1428 ad
347 1369 470 1435 lrulaeos
483 1370 575 1428 verba
593 1371 718 1430 iaciens:
739 1371 909 1444 Abraham,
925 1369 976 1444 ait,
989 1367 1139 1425 lrubitarit
1155 1367 1189 1421 in
1205 1364 1291 1422 Clan-

203 1476 277 1526 run,
298 1454 360 1514 sive
380 1455 490 1517 tlaran.
532 1457 574 1512 Ee
595 1455 665 1512 inrle
685 1456 850 1535 postquam
874 1466 1012 1511 mortuus
1037 1461 1080 1509 eat
1096 1459 1188 1528 pater
1213 1451 1290 1518 eine,

203 1539 362 1596 transtulit
375 1540 464 1598 illum
478 1543 565 1598 Deus
584 1543 618 1597 in
638 1551 749 1598 terram
772 1544 879 1614 istam,
901 1542 935 1596 in
949 1558 1011 1617 qua
1031 1557 1085 1595 uos
1097 1553 1180 1592 necno
1193 1531 1292 1590 itabi-

203 1627 287 1681 tatis.
331 1626 485 1682 Arrnorum
505 1627 573 1690 185.
589 1625 707 1682 tenebat
722 1645 878 1684 numerum
893 1622 1059 1695 Abraham,
1084 1639 1151 1677 curn
1170 1628 1255 1697 pater
1273 1635 1291 1672 o

203 1710 265 1765 vita
280 1707 428 1765 discessit:
450 1729 511 1766 non
528 1708 620 1786 igitur
632 1711 683 1774 75.
705 1711 785 1768 vitae
801 1731 879 1767 asino
900 1706 1020 1767 transiit
1036 1706 1192 1762 interram
1210 1699 1291 1760 cha-

202 1811 293 1850 naan:
317 1802 367 1849 aut
385 1793 410 1848 si
427 1813 460 1851 eo
481 1803 613 1871 temporo
628 1795 777 1872 profectus
799 1803 860 1864 est,
881 1813 942 1851 non
956 1791 1048 1868 igitur
1059 1797 1144 1868 patre
1158 1795 1289 1857 mortuo,

203 1896 272 1935 cum
292 1877 394 1934 aetatis
418 1878 489 1943 135.
508 1887 685 1938 numeraret.
728 1879 763 1936 ln
782 1878 840 1936 liae
859 1878 971 1935 fumosa
990 1873 1160 1950 quaestione
1174 1879 1204 1926 et
1216 1869 1292 1947 plu-

202 1963 280 2020 rium
296 1960 429 2018 exarnino
441 1962 599 2035 ventilata,
623 1963 781 2020 memoriae
801 1963 916 2038 lapsum
930 1979 969 2018 ex
988 1955 1142 2014 concionis
1159 1963 1244 2012 aestu
1258 1953 1292 2010 in

203 2044 354 2123 Stephano
369 2045 466 2102 Catius
482 2053 583 2102 noster
600 2044 743 2101 adruittit:
766 2044 817 2101 sed
838 2063 906 2101 cum
926 2043 1033 2120 plenus
1053 2050 1157 2098 sarrcto
1175 2035 1292 2116 Spiritu

203 2129 388 2205 loqueretur,
410 2147 428 2182 a
449 2127 544 2202 fragili
566 2127 720 2186 homiuum
744 2137 824 2187 sorte
849 2138 879 2186 et
899 2127 1072 2185 infirmitate
1093 2121 1293 2182 vindicandus

204 2221 248 2268 est
271 2211 324 2268 llei
352 2231 459 2290 praeco
488 2222 516 2271 et
540 2212 733 2287 Evangelicae
754 2213 889 2271 veritatis
908 2205 1042 2270 'assor-ror
1063 2214 1092 2274 2.
1120 2207 1222 2267 Annos
1238 2205 1292 2270 75.

202 2295 351 2355 Abraham
366 2295 565 2374 Hieronymus
579 2297 609 2354 in
623 2299 741 2369 Quaeso
756 2297 845 2356 Hebe.
862 2317 924 2353 non
940 2294 1030 2353 sentit
1044 2293 1080 2350 ab
1095 2312 1128 2350 eo
1140 2299 1291 2349 momento

204 2400 263 2457 quo
277 2380 375 2438 lucem
388 2383 521 2460 sepierit,
545 2383 759 2456 numerandos,
782 2383 834 2440 scel
848 2399 907 2458 quo
925 2379 1045 2459 repulso
1060 2376 1207 2434 idolorum
1223 2374 1294 2432 cul-

201 2475 237 2523 tu
252 2483 335 2522 suam
354 2483 420 2540 erga
435 2484 539 2522 verum
563 2467 654 2523 lirum
674 2466 762 2523 fidem
787 2475 814 2524 et
831 2465 1004 2542 religionem
1017 2462 1158 2520 audacius
1173 2461 1293 2538 proles·
1365 2530 1367 2534 Δ

201 2568 251 2607 sue
266 2557 327 2622 est,
350 2549 428 2625 quod
445 2549 576 2608 narnium
594 2559 677 2629 patre
693 2551 770 2608 vivis
786 2559 888 2629 erepto
908 2548 1080 2622 contingere
1101 2543 1218 2618 debuit,
1238 2563 1293 2601 eo-

202 2653 260 2709 que
284 2633 442 2704 defuncto,
465 2643 495 2690 et
515 2635 565 2697 75.
584 2655 646 2691 non
667 2635 760 2708 vitae,
784 2636 836 2692 seel
850 2633 1018 2711 publicatae
1038 2629 1108 2688 iidei
1130 2629 1232 2701 annis,
1253 2645 1293 2684 ex

201 2716 304 2775 llaran
322 2715 352 2772 in
377 2715 580 2772 Clranauaeam
599 2725 633 2775 ut
657 2718 813 2792 migraret,
836 2718 929 2774 olleo
949 2722 1141 2795 praeceptum
1163 2709 1292 2789 accepit.

179 2831 181 2834 ·
203 2801 243 2857 nt
257 2819 326 2856 cunr
339 2798 472 2856 Abrahae
487 2820 651 2858 memorans
666 2821 759 2859 armos
770 2811 870 2859 ortum
879 2800 941 2858 eius
954 2819 1016 2857 uon
1030 2797 1120 2856 fidem
1134 2795 1193 2854 toti
1205 2814 1294 2854 mun·

203 2884 243 2942 ‹lo
258 2884 410 2960 vulgatam
427 2884 565 2962 respiciat
583 2884 755 2964 Scriptura,
777 2894 813 2943 ut
827 2885 898 2962 quid
916 2882 967 2942 hic
987 2903 1051 2941 earn
1067 2879 1179 2938 mundo
1193 2879 1294 2938 mani-

202 2970 337 3027 festatam
346 3012 354 3042 ,
377 2977 407 3026 et
421 2969 457 3026 ab
475 2989 507 3026 ea
523 2969 664 3048 deinceps
681 2979 815 3028 exactem
829 2977 954 3028 aetatem
968 2963 1292 3027 connotaeserliceturl

201 3057 231 3117 3.
253 3051 402 3111 Abraham
420 3075 497 3111 amm
512 3055 605 3133 patris
619 3053 715 3113 Tlmre
731 3055 890 3112 centesimo
905 3063 936 3111 et
955 3051 1108 3111 tricesimo
1121 3059 1224 3108 natum
1238 3069 1290 3107 as·

202 3137 277 3195 serit
293 3138 378 3194 tertia
393 3140 552 3197 sententia:
574 3136 708 3197 hisvero
725 3139 891 3218 scripturae
904 3137 1018 3210 verbis,
1040 3138 1176 3214 iniecitque
1194 3133 1291 3190 tuan

201 3226 253 3287 70.
274 3223 365 3278 uronis
389 3226 541 3298 regennis
567 3223 699 3298 Abram,
721 3222 863 3282 subtilius
885 3241 974 3301 quam
990 3218 1091 3280 verius
1114 3219 1289 3298 respondet:

201 3325 264 3364 uon
280 3315 353 3364 tunc
366 3305 512 3365 Abrabam
526 3318 630 3365 natum
647 3308 752 3376 asseri,
775 3308 827 3366 sed
840 3316 958 3365 tantum
974 3305 1036 3364 eius
1056 3312 1172 3384 patrem
1193 3301 1291 3362 There

202 3399 271 3448 aute
286 3395 336 3454 70.
355 3411 466 3450 annum
480 3411 516 3450 ex
528 3392 627 3450 liberis
642 3391 791 3451 Abraham
807 3391 926 3452 Naclror
939 3400 969 3449 et
983 3389 1072 3448 Araia
1089 3388 1206 3447 nullum
1220 3406 1291 3445 aus-

201 3475 331 3552 cepisse,
359 3495 418 3552 quo
441 3477 606 3555 susceperit
627 3475 746 3535 Narbor
774 3486 805 3535 et
825 3479 914 3535 Aram
934 3496 996 3533 non
1021 3482 1122 3552 aperte
1142 3480 1291 3546 constare,

200 3557 350 3618 Abrabam
370 3559 466 3620 'share
488 3561 557 3626 130.
574 3562 742 3640 grandaevo
758 3572 862 3620 natum
882 3559 1108 3632 affirmandum,
1129 3565 1164 3615 ut
1182 3555 1292 3615 deinde

200 3644 252 3709 75.
268 3644 347 3702 vitae
367 3665 445 3702 anno
467 3646 504 3703 sd
525 3645 713 3706 Chananeeos
731 3647 898 3725 proiectum
913 3645 1066 3724 Scriptura
1086 3642 1219 3722 potuerit
1241 3649 1293 3700 te-

200 3727 284 3788 stari.
327 3729 373 3786 An
386 3728 509 3807 effugiat
525 3731 575 3789 vel
592 3731 699 3790 enodet
713 3731 937 3804 difficultatem,
959 3727 1034 3788 haec
1048 3727 1205 3801 sententia,
1219 3735 1308 3783 ver-'

200 3809 240 3868 ba
259 3812 431 3890 Scripturas
448 3816 569 3894 proprie
591 3835 626 3872 ac
640 3836 793 3893 germane,
815 3815 842 3872 si
858 3815 935 3874 nihil
949 3813 1040 3888 obsit,
1063 3807 1293 3890 interpretanti-

202 3895 258 3952 bus
270 3897 488 3958 diseutiendum
502 3899 650 3978 relinquo.
680 3903 710 3964 4.
732 3900 791 3959 Alii
811 3920 878 3958 cum
894 3899 1058 3977 Augustino
1073 3916 1133 3956 non
1156 3913 1245 3953 unam
1258 3890 1293 3949 in

204 3975 445 4041 Chananmorum
457 3983 606 4062 regionem
622 3983 1134 4063 Abrahaestatuuntprosectionem,
1156 3978 1209 4036 sed
1222 3976 1293 4054 plu·

202 4081 267 4121 res:
293 4065 401 4142 quibus
423 4067 563 4128 nimirum
585 4088 652 4148 erga
677 4079 794 4151 patrem
816 4070 934 4148 pietatis
958 4068 1058 4127 officia
1082 4063 1291 4144 persoluturus

202 4165 417 4225 nonnunquam
432 4152 489 4212 iret
509 4175 543 4212 ae
559 4163 777 4215 reverteretur:
798 4153 984 4233 primamque
1004 4171 1043 4210 ex
1058 4149 1100 4206 eis
1116 4166 1194 4204 anim
1211 4145 1292 4203 vitae

202 4232 254 4297 75.
268 4243 444 4312 susceptam,
465 4248 646 4316 postremam
662 4260 750 4316 vero,
772 4259 832 4318 qua
847 4239 982 4297 stabilem
996 4237 1030 4293 in
1047 4232 1291 4292 Chananaeorum

202 4322 283 4374 terra
304 4335 417 4376 moram
439 4322 512 4398 egit,
539 4333 624 4403 patre
641 4333 777 4399 mortuo,
804 4323 892 4382 iuxta
912 4318 1055 4398 Stephani
1076 4315 1291 4389 testimonium,

203 4399 304 4461 aniam
316 4400 374 4461 sibi
390 4401 481 4466 luisse
497 4406 654 4474 decretam.
689 4406 810 4471 Athaee
822 4408 904 4468 ultro
920 4405 1056 4483 citroque
1066 4400 1292 4486 remeatiolcmn
