3109 4959
579 432 880 507 nissnnrarro.
1233 436 1284 509 ιι

195 592 280 655 Setlri
296 591 478 655 revelatione
496 590 591 674 deque
606 592 759 674 Egregorie
778 594 887 657 elibro
902 596 1002 678 primo
1022 596 1142 677 Enoch,
1170 598 1208 668 de
1225 621 1286 683 qnp

194 679 287 761 paulo
302 689 389 760 poet,
412 687 548 774 cumptue
564 698 626 740 eene
638 679 768 743 videtur.

272 762 385 823 Partim
405 782 477 824 vero
494 783 510 823 e
527 784 623 844 parve
639 764 748 825 Genesi
770 764 928 844 originitus
940 763 1048 826 boneta
1063 785 1126 828 eeee
1145 768 1284 843 arbitror,

195 866 271 947 quae
287 847 430 926 Georgius
445 867 483 908 ex
496 846 620 929 loeepbo
637 858 667 909 et
684 848 751 908 aliie
767 849 805 909 de
822 849 1028 911 aedificatione
1044 854 1138 913 turri·
1153 854 1286 936 babylo-

194 932 280 992 nicae
296 933 400 1009 tradit,
422 952 488 1031 pag.
504 932 546 999 42
558 965 601 980 ·-
613 934 671 999 44·
664 977 673 1010 ,
698 933 837 1014 inprimis
849 954 987 995 numerne
1004 935 1214 1017 quadraginta
1228 960 1285 1000 ωι-

194 1037 320 1093 norum,
342 1036 417 1097 quoa
432 1018 465 1077 in
484 1018 561 1077 turri
581 1018 763 1079 aedificanda
782 1028 906 1099 nepotes
919 1020 997 1079 Nolis
1009 1040 1211 1100 perreveraeee
1230 1025 1286 1084 di-

195 1110 316 1164 cuntur.
360 1102 417 1161 Hic
433 1101 509 1161 eninr
523 1121 667 1163 numerus
686 1122 782 1184 neque
799 1103 833 1162 in
852 1103 938 1164 librie
952 1105 1075 1166 Biblicia
1090 1126 1188 1187 neque
1202 1108 1286 1189 apud

194 1186 351 1285 loeepbum
365 1186 485 1265 legitur3
509 1184 615 1248 auctor
627 1208 700 1248 vero
715 1208 866 1268 parvae
838 1188 985 1249 Geneeeoa
999 1209 1143 1250 summam
1156 1192 1285 1271 diligen-

194 1272 292 1330 tiam
283 1292 315 1329 ιιι
331 1272 430 1346 annie,
451 1272 601 1331 mensibue
615 1272 776 1353 diebusque
788 1273 1005 1351 dretrnguendre
1023 1276 1131 1355 poenit.
1172 1277 1286 1338 confe-

193 1375 243 1416 ιιι
261 1364 378 1436 praeter
398 1356 572 1453 syncellum
594 1377 627 1437 p.
645 1358 675 1423 4.
691 1358 723 1423 5.
741 1360 772 1423 8.
795 1357 956 1436 Georgium
970 1358 1135 1419 cedrenum
1148 1381 1214 1441 pag.
1232 1365 1285 1429 88.

194 1442 245 1506 89.
269 1460 329 1519 quo
346 1440 414 1499 loco
427 1440 536 1519 cuique
548 1439 649 1499 decem
663 1442 818 1520 plagarum
830 1441 1042 1522 Aegyptiarum
1054 1464 1184 1504 mensem
1196 1467 1284 1506 anum

193 1522 306 1583 delinit.
339 1523 378 1583 Et
390 1524 428 1583 de
443 1523 648 1584 aedificatione
662 1527 754 1585 turris
769 1526 802 1586 in
817 1546 911 1608 parva
929 1528 1036 1588 Generi
1054 1530 1197 1609 quaedam
1211 1552 1285 1593 nur·

192 1615 258 1682 rata
271 1608 377 1685 iniere,
398 1615 525 1667 testatur
539 1608 770 1689 Hieronymual.
787 1631 813 1670 c.

276 1692 386 1751 Notatu
408 1692 530 1770 dignum
550 1703 613 1769 eet,
643 1695 769 1775 quodvis
784 1695 847 1754 scre
866 1695 1009 1773 temporie
1029 1696 1172 1774 epatium,
1202 1698 1285 1776 qnod

192 1778 224 1836 in
240 1776 326 1837 libris
339 1777 457 1836 biblicie
474 1797 535 1837 non
550 1738 706 1837 delinitum
720 1778 775 1853 eit,
798 1778 834 1837 ab
847 1779 1018 1837 anctoribne
1034 1780 1284 1860 Apocryplrorum

193 1882 320 1922 numero
335 1873 443 1943 quater
456 1860 602 1921 denorum
613 1862 741 1939 definiri,
763 1862 816 1941 qni
832 1861 906 1921 etin
918 1863 1039 1943 amiptie
1053 1864 1169 1924 biblicis
1187 1868 1284 1928 multo

193 1946 328 2028 erepine,
348 1967 436 2026 quarn
455 1948 562 2007 caeteri
577 1947 711 2022 numeri,
731 1946 874 2007 occurrit

277 2030 330 2090 Die
354 2030 590 2112 quadragesimo
608 2032 712 2090 aetatis
733 2051 805 2092 auae
826 2029 922 2091 ddum
943 2050 961 2089 e
979 2030 1073 2091 Deo*
1062 2051 1096 2091 ιιι
1110 2031 1285 2096 Paradisum

194 2114 356 2176 inducitur.
379 2118 483 2199 Georg.
498 2119 587 2195 Syno.
602 2136 668 2198 pag.
684 2116 714 2183 6.
728 2116 760 2176 G.

280 2202 355 2259 Dies
352 2201 567 2281 qzcadreginta
579 2211 650 2282 poet
662 2201 810 2261 Adamum
822 2199 905 2263 Eva
894 2218 928 2259 ιιι
939 2198 1112 2280 paradisum
1123 2151 1285 2263 inducitur.

196 2285 303 2345 Geor.
401 2286 432 2351 6
450 2287 485 2345 D.

276 2304 432 2431 deffiniri
455 2368 667 2452 quadraginta
689 2390 850 2447 annorum,
879 2390 972 2451 quum
992 2370 1028 2428 ab
1051 2370 1286 2451 angelieraptua

194 2452 232 2514 de
251 2455 340 2514 rebus
359 2456 469 2516 futuris
491 2457 680 2534 edoceretnr;
703 2466 733 2517 et
754 2454 965 2536 quadraginta
986 2456 1047 2517 dice
1065 2454 1286 2516 abdominibus

192 2558 255 2599 non
268 2540 352 2599 visua
369 2548 421 2599 eet.
445 2542 551 2620 Georg.
565 2561 597 2621 p.
614 2547 663 2608 10.
682 2542 717 2602 A.
729 2542 764 2605 Β.

280 2622 498 2705 deraginta
532 2645 589 2705 per
623 2646 717 2686 annor
745 2624 853 2687 turrim
878 2622 1090 2703 Babylonicum
1116 2622 1286 2684 aedificant.

193 2706 297 2785 Georg.
312 2708 363 2773 49.
376 2708 409 2767 C.

276 2790 383 2872 loseph
406 2788 619 2873 quadraginta
633 2810 778 2853 annorum
794 2798 875 2869 erat,
897 2809 990 2871 quum
1009 2798 1096 2871 puter
1114 2788 1178 2850 eine
1193 2789 1282 2866 Iacob

193 2876 225 2938 in
240 2877 407 2955 Aegyptum
422 2876 514 2937 venit.
545 2876 652 2955 Georg
666 2898 696 2956 p.
712 2881 782 2941 107.
801 2876 833 2938 G.

277 2962 376 3020 Moser
392 2958 602 3040 quadraginta
617 2980 764 3020 annorum
780 2960 856 3034 suit,
878 2978 970 3038 qunan
984 2956 1117 3038 Aegypto
1131 2945 1283 3019 relictam

194 3056 306 3107 terram
328 3044 456 3104 Mediam
473 3045 624 3124 confugit,
643 3043 747 3124 ibique
762 3042 972 3123 quadraginta
992 3062 1048 3122 per
1062 3062 1155 3102 annos
1173 3062 1283 3123 pecora

192 3130 298 3212 pascit.
329 3130 440 3208 Georg.
460 3150 491 3209 p.
510 3128 688 3197 122Δ.-
711 3129 746 3188 ln
761 3126 963 3188 Pentateucho
977 3126 1036 3186 boc
1053 3127 1142 3186 modo
1159 3127 1284 3203 legitur.

194 3218 403 3276 Deuteronom.
425 3213 478 3279 84.
498 3220 535 3279 7
563 3214 665 3273 Mosen
694 3234 772 3272 enno
796 3218 857 3279 120
877 3212 956 3270 vitae
972 3219 1124 3302 mortuum
1145 3229 1224 3285 eeee3
1253 3221 1284 3270 et

193 3282 354 3358 Deuteron.
379 3304 408 3362 2.
428 3303 466 3361 7.
488 3316 543 3375 qua
529 3296 680 3374 adraginta
702 3315 797 3354 ennea
818 3284 987 3355 lereelitae
984 3314 1002 3351 a
1016 3293 1096 3353 More
1110 3312 1164 3372 per
1179 3294 1285 3353 Arabi-

194 3403 265 3443 cum
284 3380 430 3441 desertum
451 3380 558 3440 dnctoe
573 3400 643 3445 eme.
684 3380 731 3439 Ex
751 3378 799 3438 hie
819 3378 920 3439 verbio
942 3378 1125 3455 collegerunt
1146 3376 1282 3457 Hebraei,

196 3488 292 3527 annor
306 3465 456 3543 octoginta
475 3473 619 3524 restantes
633 3463 713 3525 uitae
726 3462 817 3524 Morio
836 3462 875 3522 ad
895 3462 1027 3522 eamdem
1040 3462 1184 3521 rationem
1202 3463 1284 3523 divi-

195 3551 310 3612 dendoe
327 3570 404 3623 erre,
427 3568 515 3629 quam
530 3548 729 3609 divisionem
720 3569 753 3607 ιιι
764 3557 814 3607 ter
825 3546 1028 3627 quadragenos
1041 3566 1135 3606 annon
1149 3546 1209 3606 iam
1220 3548 1284 3609 Lu-

194 3657 245 3697 cee
258 3635 375 3715 accepit
388 3634 421 3693 in
432 3634 517 3693 Actio
529 3632 665 3714 Apostol.
679 3639 711 3700 7.
724 3653 754 3696 v.
766 3636 818 3699 23.
832 3635 883 3699 30.

278 3720 374 3779 Mores
382 3727 572 3799 ,postquam
589 3715 803 3799 quadraginta
822 3716 886 3777 dieo
903 3724 934 3775 et
953 3711 1167 3818 quadraginta
1178 3723 1283 3777 nocte·

193 3804 228 3864 in
245 3813 347 3865 monte
365 3766 448 3863 Sinni
468 3804 579 3880 iuerat,
607 3800 700 3882 dum
720 3801 844 3883 ἡμερῶν
862 3795 1118 3882 τεσσαρακινιᾶδα
1137 3796 1283 3878 νηστεύει,

194 3890 307 3949 iterum
328 3886 540 3967 quadraginta
562 3888 624 3947 dien
640 3887 706 3947 cibo
720 3884 873 3949 abstinuit.
905 3885 1011 3961 Georg.
1028 3904 1058 3963 p.
1075 3885 1145 3950 186.
1158 3885 1192 3947 B.

282 3973 370 4048 Saul,
392 3972 507 4051 primne
523 3992 577 4033 rex
593 3972 810 4049 lernelitarnm,
829 3978 932 4048 regnet
946 3988 1042 4027 nnnoe
1065 3967 1285 4049 quadrnfflnta.

197 4059 306 4135 Georg.
322 4077 351 4135 p.
367 4062 435 4122 176.
450 4057 481 4117 C.
517 4058 554 4117 ln
567 4055 652 4117 libris
666 4057 702 4118 V.
717 4058 751 4120 Τ.
765 4055 846 4116 buno
857 4072 1016 4114 numerum
1030 4073 1173 4114 annorum
1189 4053 1286 4113 Saulie

196 4142 349 4220 regnantis
374 4159 436 4199 non
461 4141 599 4220 reperior
628 4142 706 4201 sama
725 4141 844 4202 traditis
868 4159 934 4201 enm
962 4137 1156 4198 adnumerare
1175 4137 1285 4198 licebit.

196 4226 342 4305 Georgius
362 4233 459 4284 auten
476 4244 545 4286 enm
563 4226 695 4308 accepit,
719 4246 811 4307 quum
825 4225 884 4285 iam
899 4223 933 4283 in
945 4224 1043 4283 Lucae
1056 4220 1138 4283 dctis
1150 4222 1284 4303 Apostol.

196 4315 249 4378 13.
258 4331 289 4372 r.
305 4314 355 4377 21.
368 4309 523 4387 legeretur.

265 4494 363 4565 Goorg.
381 4494 517 4564 spinellae.
534 4494 569 4547 ll.
1058 4478 1078 4539 3
