3109 4959
283 431 365 509 ⁵10
652 442 1001 513 EMENDATIOhES

281 622 405 665 rursum
430 600 471 664 ad
495 602 637 663 Senatum
664 600 744 662 lacto
772 600 920 683 trmsitu,
951 600 1113 668 verborum
1143 613 1276 668 mutatur
1302 624 1377 665 eon-

281 688 419 751 stractio.

363 774 433 851 Peg.
454 773 527 839 266.
551 766 596 833 Tei
608 764 717 851 μεταξιῗ
732 768 851 835 Νέστον
863 769 1031 855 (ποταμοῦ,
1050 772 1103 837 καὶ
1113 769 1314 855 Στρύμωνος,
1327 772 1379 837 soi

281 854 320 921 ad
331 854 407 940 πρὸς
420 850 570 934 ἀνατολήν
586 858 644 918 τοῦ
661 853 791 937 Νέστον)
805 853 943 939 ἔρύμην]
964 859 1048 933 Quae
1064 860 1114 919 hic
1135 860 1264 937 virgulis
1277 862 1379 921 clausa

282 943 433 1020 Scaligere
450 940 644 1017 exciderant,
665 941 716 1001 vel
731 942 901 1003 redundare
916 944 1067 1003 immerito
1083 945 1149 1005 vica
1162 954 1244 1005 sunt.

366 1027 434 1105 Peg.
448 1029 521 1093 269.
541 1026 649 1107 Σίμων
660 1023 726 1101 aide
737 1020 862 1107 Ὀνίου]
882 1028 1013 1107 Scaliger
1026 1049 1094 1109 pag.
1109 1031 1159 1096 50.
1175 1028 1261 1089 annia
1276 1028 1378 1089 decena

281 1112 425 1173 durantia
439 1105 480 1172 θ’.
489 1111 624 1191 reponite
638 1110 926 1191 quaehallaoinatio,
939 1134 995 1173 nec
1004 1113 1272 1194 enimtypivitium
1280 1114 1377 1173 dicam

280 1206 432 1257 recentem
446 1215 509 1255 non
525 1194 645 1257 intimae
662 1205 752 1256 notae
767 1195 990 1277 Cluonologum
1005 1198 1184 1280 scriptorem
1197 1200 1232 1258 in
1248 1217 1379 1259 errorem

280 1281 413 1343 induxit.
937 1301 940 1304 ¹

366 1360 558 1431 Μακεδόνων
571 1363 724 1445 potetate]
746 1365 881 1426 ‘situlum
898 1364 1047 1446 interpres
1062 1366 1210 1427 adiunxit.

367 1444 560 1513 Μακεδόνων
569 1452 686 1529 πρῶτος
697 1448 907 1531 ἐβασίλευσεν]
929 1450 1125 1511 Macedonum
1142 1473 1245 1529 regum
1259 1472 1378 1512 sueces-

282 1535 397 1595 aionem
414 1542 485 1615 post
498 1533 662 1593 Alexandri
677 1544 804 1597 mortem
818 1545 945 1595 renovat
963 1536 1115 1614 Georgius.
1159 1536 1290 1614 Scaliger
1311 1538 1379 1595 liu-

282 1620 397 1681 aebium
411 1627 555 1699 aequatus
568 1619 740 1679 eorumdem
761 1621 934 1679 continuata
952 1622 1027 1680 serie
1047 1620 1144 1681 veteri
1162 1621 1312 1681 laterculo
1331 1641 1379 1681 se-

282 1715 405 1784 quentes
417 1704 567 1781 adiungit,
577 1738 580 1743 ·
589 1712 619 1762 et
630 1702 803 1784 Philippum
817 1705 977 1765 Aridaeum
990 1705 1096 1765 scribit
1117 1705 1255 1785 quintum
1273 1726 1310 1765 aa
1324 1706 1378 1767 ai-

281 1790 443 1870 geaimmn,
464 1808 499 1849 ac
513 1788 556 1845 its
571 1787 710 1867 deinceps
724 1790 867 1869 reliquos.

367 1875 438 1953 Peg.
461 1876 532 1943 270.
554 1872 745 1936 Μακεδόνων
763 1870 794 1937 a‘.
809 1874 1000 1955 ἐβασίλευσεν
1019 1866 1167 1969 Πύρρας]
1194 1871 1379 1953 Pyrrhuma

282 1980 340 2019 auo
360 1960 570 2037 diagrammate
590 1958 722 2035 Scaliger
745 1961 896 2040 expunxit
915 1979 981 2040 pag.
1001 1961 1053 2025 60.
1075 1958 1166 2018 habet
1179 1959 1326 2018 Eusebiae
1340 1958 1379 2017 ad

281 2044 492 2125 Olympiadem
509 2049 580 2111 122.
602 2044 705 2103 Annos
726 2045 833 2105 mundi
853 2064 892 2105 ex
912 2043 1174 2120 antecedentibus,
1195 2053 1227 2103 et
1244 2043 1283 2103 iis
1303 2062 1378 2123 qaae

279 2139 467 2210 sequuntur,
488 2128 617 2192 restitui.
1337 2126 1344 2139 '

365 2207 468 2293 Ζήσας
491 2212 540 2291 ἔτη
559 2207 631 2293 ary'.]
652 2212 802 2293 Scaliger,
822 2231 874 2273 aea
892 2210 994 2293 potius
1015 2209 1080 2269 eiua
1100 2209 1309 2291 typographus
1327 2209 1376 2291 inp

276 2290 337 2382 pp'.
355 2318 425 2357 nam
442 2296 580 2375 regnavit
595 2298 646 2363 44.

362 2383 432 2460 Pag-
455 2388 527 2450 27¹.
546 2378 581 2443 Ὀ
597 2376 786 2459 Φιλάδελφος
797 2385 869 2455 παῖς
882 2372 978 2445 adrat
991 2378 1041 2459 ἔτη
1057 2372 1125 2461 λη’.]
1146 2376 1231 2440 Idem
1245 2399 1314 2462 pag·
1324 2378 1377 2447 62.
1492 2351 1496 2359 ·

277 2465 330 2549 ἔτη
343 2462 391 2531 λε’.
413 2466 569 2527 Consentit
581 2466 710 2527 Authori
724 2467 830 2526 Latina
845 2465 965 2526 Eusebii
982 2466 1089 2525 versio.

363 2552 430 2631 Pag'·
452 2559 525 2619 272.
546 2550 580 2613 ‘0
594 2546 687 2625 udaie
702 2547 774 2625 amic
787 2545 855 2613 κατ’
870 2547 1046 2632 Αἴγυπτον]
1067 2547 1262 2631 Septuaginta
1278 2549 1379 2610 inter-

278 2645 400 2718 pretum
423 2636 580 2697 historiam
604 2636 774 2711 abbreviat,
796 2647 827 2697 et
847 2636 973 2719 propria
994 2635 1075 2717 stylo
1098 2634 1257 2717 componit
1279 2636 1378 2696 eadam

278 2724 331 2789 62.
373 2742 388 2781 a
409 2720 468 2786 ina.
1109 2774 1114 2783 .

350 2743 557 2887 PKhbiamasr
571 2800 645 2888 ρλβ’.
656 2799 868 2885 Ὀλυμπιάδα]
889 2805 1013 2886 Repono
1030 2798 1106 2889 pie'.
1134 2804 1169 2865 Si
1181 2802 1324 2865 nimirum
1336 2799 1377 2880 sb,

277 2882 319 2971 ἧς
331 2890 539 2973 πληρουμένης
554 2891 593 2950 ad
608 2890 816 2971 Olympiadem
831 2891 948 2965 resero,
970 2890 1042 2949 aliae
1058 2889 1198 2950 etiamad
1212 2888 1379 2950 bibliotho-

279 2996 346 3035 cam
362 2977 476 3051 relato,
497 2976 632 3035 nondum
648 2978 717 3042 132.
735 2975 887 3035 delibatur
901 2994 940 3034 ex
954 2973 1101 3035 Authoria
1116 2974 1242 3034 calculo.

362 3062 432 3139 Pag-
455 3064 528 3128 273.
549 3054 720 3143 Ἀντιγόνου
739 3066 812 3133 παῖς
835 3059 886 3138 ἔνη
910 3054 958 3138 a'.]
988 3059 1207 3140 Septemdecim
1227 3058 1262 3119 in
1283 3058 1379 3137 Asiae,

281 3165 335 3205 aex
350 3145 383 3205 in
399 3145 590 3207 Macedoniae
602 3165 693 3225 regno
710 3145 808 3223 exegit
822 3164 916 3204 annos
932 3144 1098 3205 Demetrius
1114 3144 1324 3220 Polliorcetea,
1338 3144 1381 3204 ait

279 3229 398 3290 Authbr
420 3252 487 3311 pag.
507 3232 579 3299 265.
601 3231 634 3295 ll.
661 3250 718 3309 qua
744 3229 795 3310 im
817 3223 866 3310 ιη’.
885 3224 1038 3313 κρατήσας
1056 3229 1217 3292 scribitura
1238 3229 1380 3313 quocirca

279 3314 361 3374 aelca
379 3315 482 3375 decem
495 3336 559 3377 non
577 3315 720 3377 admittit.

364 3399 433 3477 Ptss·
456 3402 527 3467 274.
554 3405 617 3463 Τοῦ
635 3393 800 3481 diadema
815 3393 930 3483 ,εροα’.]
959 3397 1049 3461 Haud
1066 3398 1142 3461 levis
1160 3397 1213 3460 hic
1232 3396 1379 3461 Aetheris

279 3480 540 3564 parachroniemm
558 3484 698 3564 plurimis
716 3479 858 3565 'superius
881 3484 1003 3566 scriptis
1016 3484 1196 3546 contrarias.
1239 3482 1284 3543 ab
1302 3482 1379 3547 bla-

278 3566 389 3627 :andri
404 3567 517 3647 quippe
530 3580 627 3630 morte
642 3590 722 3631 anno
739 3568 935 3647 duodecimo,
947 3582 994 3629 'ax
1008 3568 1160 3630 communi
1176 3565 1379 3643 Chronclogo-

279 3671 348 3712 rum
361 3669 469 3727 sensu,
487 3652 591 3732 Syriae
604 3654 848 3734 Babyloniaequa
867 3674 990 3732 regnam
1013 3653 1134 3734 excepit
1155 3652 1297 3710 Seleucus
1317 3649 1379 3709 Ni·

280 3754 382 3797 cancr.
424 3739 500 3797 Sana
519 3736 591 3809 lixis
608 3738 647 3799 ad
666 3759 779 3798 annum
800 3742 893 3805 5171.
914 3738 998 3815 regni
1020 3738 1085 3797 eius
1106 3734 1295 3815 primordiis,
1315 3753 1378 3793 non

279 3820 342 3881 nisi
356 3821 418 3880 vita
432 3824 570 3899 iunctus,
592 3843 628 3881 ac
644 3822 764 3883 duobus
775 3824 861 3882 annis
875 3821 908 3880 in
920 3819 1081 3902 sepulchro
1097 3822 1197 3880 iacens
1211 3820 1378 3900 patuitlie·

277 3907 419 3967 metrium
434 3907 627 3968 Poliorcetena
639 3908 778 3969 libertate
794 3907 924 3987 privare,
947 3916 978 3966 et
990 3913 1074 3964 sexto
1091 3914 1160 3985 post
1172 3904 1289 3965 lethum
1299 3925 1378 3965 anno

279 3989 490 4071 Lysimachum
510 3992 703 4054 Macedonico
726 3992 855 4052 deiicere
875 3990 972 4068 solio,
1001 3989 1084 4069 qaod
1106 3988 1269 4051 absurdam
1290 3991 1378 4049 etiam

277 4077 392 4137 referre
408 4080 517 4158 pudet:
542 4089 572 4139 et
590 4079 678 4159 plane
699 4076 887 4137 contrarium
904 4076 1027 4156 scripsit
1047 4075 1165 4136 bethor
1178 4096 1247 4157 pag.
1260 4080 1332 4143 266.
1349 4082 1379 4135 et

278 4162 353 4227 278.
384 4164 460 4224 (ium
473 4184 546 4225 vero
560 4173 678 4225 textum
693 4160 838 4224 duthoria
854 4180 971 4222 omnem
986 4169 1050 4221 tam
1060 4160 1175 4241 ingenti
1187 4181 1314 4241 purgare
1328 4179 1378 4219 er-

281 4263 351 4305 rare
367 4248 407 4309 sit
429 4270 492 4311 non
513 4252 586 4311 adeo
599 4250 740 4326 dillieile,
762 4267 851 4327 quam
873 4248 1025 4323 deforme,
1047 4247 1262 4308 emendatiores
1280 4243 1377 4305 caro·

281 4330 436 4409 analogicae
454 4335 573 4397 tabulae
586 4336 734 4397 deiectum
746 4334 1079 4413 omnem'reparandum
1095 4331 1269 4411 suscipient.

366 4410 548 4501 Ἀντιόχειαν
559 4419 735 4503 masam]
756 4417 963 4497 Antiochiam,
984 4439 1048 4482 uon
1059 4417 1252 4496 Antigoneam
1266 4432 1378 4480 memo·
