3109 4959
496 458 556 524 ΕΤ
582 453 935 524 ANNOTATIONES.
1193 443 1268 517 429

185 611 336 675 Librarius
358 607 465 671 scribit
486 601 586 694 ,ῃοβῆ
609 609 652 670 its
673 610 828 670 emendata
853 609 959 669 calculi
973 610 1050 670 ratio
1065 604 1160 695 ,72an
1177 631 1269 690 repo-

185 698 316 759 nendum
338 695 450 757 suadet.
492 693 581 754 lecob
600 694 679 754 enim
698 695 783 754 iuxta
804 693 947 754 minorem
969 696 1096 756 Authori
1115 704 1269 776 receptum

185 793 360 864 computum
378 789 463 840 onus
478 799 556 838 suno
569 781 662 846 3472.
678 788 714 838 ut
727 779 902 839 coniieimus
918 781 1091 861 ex'seriptis
1106 803 1136 862 p.
1148 783 1217 847 103.
1232 780 1268 841 ri.

183 869 287 946 genuit
298 865 404 946 loseph
415 885 496 925 ,antro
509 865 612 922 aetatis
624 869 674 930 91.
689 865 793 924 mundi
807 865 947 923 nimirum
962 869 1055 931 3563.
1070 867 1178 925 exinde
1192 864 1270 923 vivit

183 950 290 1032 loseph
306 960 427 1011 centum
447 958 477 1008 et
491 949 593 1008 decem
608 968 717 1024 annos,
739 969 926 1008 communem
938 949 1037 1027 itaque
1054 953 1147 1017 4673.
1164 948 1270 1008 mundi

184 1057 295 1096 arumm
310 1035 495 1109 numeravit,
517 1044 547 1092 et
562 1035 680 1092 Amram
696 1037 790 1100 3661.
806 1034 842 1093 de
858 1055 917 1113 quo
935 1042 1004 1092 nota
1023 1034 1079 1093 lrac
1094 1033 1270 1115 penultima,
1351 1066 1354 1074 ·

184 1132 286 1182 natum
303 1120 491 1178 duodennem
504 1117 589 1179 vidit.
611 1123 652 1203 τῷ
668 1113 827 1202 δωδεκάτῳ
842 1124 896 1198 τῆς
916 1122 994 1198 ζωῆς
1005 1112 1129 1199 Ἀμρᾶμ.
1155 1119 1273 1177 Erroris
1304 1139 1307 1144 ·

185 1227 273 1266 causa
293 1205 349 1263 sibi
363 1204 420 1279 suit
434 1201 551 1261 Autlror
569 1203 621 1280 qui
648 1223 732 1282 pagg.
749 1208 820 1268 107.
837 1205 869 1262 C.
894 1207 964 1268 109.
981 1202 1015 1260 Δ.
1032 1208 1101 1269 110.
1123 1201 1159 1261 Δ.
1180 1197 1274 1259 antros

183 1288 290 1369 loseph
310 1290 393 1368 quasi
406 1286 487 1368 patri
504 1286 590 1346 lacob
606 1287 806 1364 nonagenario
821 1287 968 1346 duntaxat
984 1287 1089 1344 mundi
1106 1289 1198 1352 3562.
1210 1285 1274 1344 nati

184 1383 356 1435 enumerate
379 1380 517 1451 sequente
533 1392 604 1433 vero
618 1370 725 1453 Ioseph
739 1381 822 1431 ortus
837 1392 916 1430 asino
935 1391 994 1430 uno
1015 1391 1131 1451 semper
1149 1370 1274 1430 inferior

184 1480 218 1518 re
240 1461 343 1518 oritur.

217 1481 237 1540 p
261 1541 335 1622 ”Em
352 1537 385 1604 61
398 1533 514 1626 will]
544 1537 599 1598 llis
622 1539 648 1598 si
672 1539 821 1599 addideris
842 1543 913 1605 130.
942 1539 1056 1598 Cainan
1077 1535 1113 1596 ab
1133 1533 1274 1597 Africano

184 1627 387 1710 praetermissi
419 1645 529 1700 annos,
557 1627 648 1690 3693.
675 1625 808 1703 colligis:
838 1645 855 1681 a
880 1625 987 1703 quibus
1010 1621 1147 1680 demendi
1167 1621 1275 1698 viginti

186 1713 276 1787 anni,
299 1731 380 1790 quos
397 1710 434 1769 ad
456 1709 602 1768 diluvium
622 1729 715 1788 usquo
743 1709 892 1789 superlloc
915 1702 1084 1777 numeravit
1108 1706 1275 1778 Aliicanus,

185 1807 223 1858 ut
242 1795 384 1856 Autlrorls
402 1813 513 1853 summu
529 1803 598 1852 nota
620 1795 776 1873 superiore
794 1793 924 1851 discussa
940 1791 1063 1874 probata
1075 1790 1253 1849 obtineatur.

272 1875 358 1942 Kouni
380 1873 531 1958 Εὖσὲβιον
552 1873 612 1938 tired
632 1872 724 1956 'Addp
739 1877 789 1957 ἔτη
806 1871 928 1961 popei]
952 1879 1074 1950 llolose,
1096 1895 1152 1955 pro
1176 1875 1274 1950 solito,

186 1985 225 2026 ex
241 1987 293 2025 sua
309 1964 449 2023 nirrrirum
463 1972 492 2020 et
505 1961 665 2021 adversarii
677 1963 823 2021 sententia
836 1965 1000 2042 captiosum
1017 1961 1089 2040 quid
1104 1961 1196 2018 insert
1211 1961 1276 2018 Au·
1384 2014 1387 2020 .

187 2051 267 2112 llror.
289 2050 436 2108 Numerus
451 2046 544 2112 3545.
560 2044 612 2123 qui
623 2067 719 2113 ,annos
734 2048 837 2106 mundi
854 2049 932 2106 circa
955 2045 1061 2126 loseph
1077 2045 1190 2103 obitum
1207 2043 1276 2102 col-

187 2135 279 2192 lectos
293 2133 404 2210 signat,
426 2129 517 2189 sicub
534 2149 567 2187 eo
585 2131 742 2208 colligitur.
787 2133 935 2190 Abraham
958 2152 1035 2190 atino
1056 2131 1148 2196 3184.
1171 2128 1275 2188 irasci-

188 2227 256 2278 tur:
278 2217 464 2276 centenarius
477 2224 616 2294 procreat
631 2217 729 2275 lsanc:
750 2215 801 2275 hic
814 2218 1018 2296 sexagenarius
1034 2215 1138 2273 lacnb:
1159 2214 1211 2291 qui
1225 2217 1275 2279 91.

191 2311 350 2384 provectus
370 2301 455 2358 antris
475 2299 600 2378 suscipit
620 2301 737 2381 loscplr.
781 2301 888 2382 Ioseph
909 2301 1011 2361 aetatis
1024 2320 1094 2359 sune
1110 2305 1181 2365 110.
1197 2318 1276 2356 arrrro

187 2387 326 2447 moritur.
346 2405 458 2444 summa
477 2392 523 2443 est
539 2387 672 2444 notarium
690 2387 785 2452 3545.
820 2389 867 2446 Ad
889 2385 1008 2447 Eusebii
1029 2385 1127 2442 tamen
1148 2391 1276 2441 mentem

188 2475 280 2538 3546.
293 2489 449 2530 numerare
464 2467 621 2546 debuerat,
645 2491 713 2529 cum
732 2493 811 2530 anm
829 2473 918 2530 lacob
935 2479 985 2540 92.
1003 2468 1108 2548 loseph
1125 2467 1157 2526 in
1178 2469 1278 2528 lucem

188 2556 305 2616 veniisse
321 2555 475 2613 irraniseste
497 2554 608 2612 scribat
632 2557 774 2616 Eusebius
799 2558 919 2615 Latinus
937 2557 975 2615 ad
998 2554 1145 2614 Abraham
1165 2571 1278 2610 annum

189 2643 261 2707 252.
282 2638 412 2716 Scaliger
427 2659 493 2718 pag.
503 2647 602 2697 textus
616 2647 666 2706 22.
682 2642 830 2701 calculum
844 2640 927 2700 hune
938 2641 1137 2701 Eusebianum
1152 2647 1182 2696 et
1193 2635 1279 2694 Afri-

189 2743 331 2783 canaeum
344 2727 476 2803 proles-t,
498 2733 527 2781 et
544 2725 662 2802 Georgii
679 2725 715 2784 ds
732 2727 794 2786 illis
809 2747 964 2787 censuram
980 2718 1116 2785 Animad.
1131 2740 1196 2800 pag.
1207 2720 1279 2786 253.

188 2809 314 2889 probat,
337 2810 419 2868 cuius
435 2809 575 2866 asseclam
590 2829 621 2868 sc
634 2812 811 2872 nranilestat.

274 2888 477 2976 Asnpnpr'tivsa
493 2889 526 2976 di
547 2887 643 2970 οὕτως
658 2895 733 2958 ἔτεσι
750 2892 830 2976 pud]
855 2897 901 2954 tx
915 2892 1022 2952 omisso
1038 2891 1148 2949 Cairran
1161 2887 1280 2948 iuniore

189 2999 253 3038 non
268 2979 339 3036 solis
357 2983 427 3044 127.
445 2977 529 3036 arinis
546 2981 656 3038 erravit
672 2981 830 3054 Eusebius,
852 2981 904 3038 sed
919 2977 989 3037 totis
1008 2979 1075 3043 130.
1097 2975 1208 3034 Cainau
1224 2975 1280 3032 de-

190 3063 281 3122 bitis:
303 3063 335 3119 in
350 3080 409 3138 quo
424 3081 551 3138 namque
565 3073 623 3120 tres
637 3063 682 3121 illi
698 3085 822 3123 numero
839 3066 986 3122 detractos
1002 3059 1192 3140 insumpserit
1205 3078 1280 3116 nus·

191 3166 282 3226 apuam
298 3146 482 3220 observavit,
503 3155 554 3203 aut
567 3148 761 3225 exprobravit
775 3149 928 3226 Georgius.
954 3149 1000 3207 Ex
1014 3146 1168 3225 ipsiusmet
1183 3143 1282 3200 Geor-

191 3232 233 3310 gii
247 3231 346 3290 verbis
360 3229 456 3288 arodus
473 3230 697 3291 exsolvendos.
720 3235 775 3292 Ille
794 3252 919 3312 nanrque
938 3252 1006 3291 cum
1021 3233 1054 3288 in
1077 3231 1175 3308 ipsum
1196 3227 1281 3286 dilu-

192 3317 235 3374 vii
257 3335 368 3373 asinum
391 3313 553 3394 Arplraxad
574 3317 704 3395 primum
731 3330 830 3378 ortum
854 3317 1011 3391 coniiciat,
1039 3313 1181 3372 Eusebius
1207 3331 1280 3372 vero

191 3400 312 3460 biennio
334 3409 403 3477 post
417 3399 564 3458 diluvium
583 3401 684 3481 elapso
704 3399 1197 3471 collocetannis128.duutaxat,
1217 3396 1281 3456 eius

194 3484 303 3544 calculi
317 3484 485 3543 Eusebianis
499 3485 666 3564 superiores
682 3489 874 3568 colliguntur.
916 3486 999 3545 ldem
1022 3483 1086 3563 ipse
1109 3484 1214 3541 iterum
1229 3482 1281 3540 lo-

193 3569 283 3651 seph,
305 3569 342 3626 de
365 3587 424 3645 quo
444 3569 476 3626 in
492 3571 642 3648 praesenti
657 3580 771 3648 serino,
795 3593 873 3631 arrrro
895 3569 989 3649 patris
1013 3568 1101 3626 iacob
1119 3574 1183 3634 90.Ι
1196 3571 1279 3642 (non

192 3662 284 3737 prout
298 3651 367 3710 alibi
383 3657 450 3729 91.)
472 3655 657 3731 frequentius
673 3657 804 3734 colligit,
825 3665 855 3714 et
875 3656 1018 3714 unitatem
1035 3653 1154 3712 sibimet
1171 3653 1277 3712 detra-
1293 3646 1328 3703 V·
1341 3647 1377 3702 35

193 3741 255 3800 hit:
277 3758 337 3815 quo
352 3737 404 3813 lit,
427 3747 461 3795 ut
483 3739 606 3799 Eusebio
624 3762 771 3800 annorum
792 3745 860 3806 130.
878 3740 1024 3799 delectum
1041 3740 1072 3797 in
1094 3739 1177 3797 nullo
1194 3745 1281 3796 com'·
1300 3732 1382 3789 1)·ῧῦ

193 3832 353 3906 pensante,
380 3823 545 3882 ternarium
566 3821 715 3903 ¹Eusebio,
745 3847 783 3885 ex
806 3827 924 3884 delectu
950 3826 1071 3904 proprio
1094 3823 1224 3896 relaxet,
1253 3829 1283 3880 et

194 3912 252 3968 ism
268 3929 328 3966 non
350 3929 495 3967 orrnorum
520 3911 588 3974 130.
603 3912 796 3986 omissorum,
818 3911 869 3969 sed
891 3916 960 3976 127.
979 3912 1127 3969 duntaxat
1144 3925 1229 3966 reum
1249 3904 1284 3964 in

195 3994 341 4052 iudicium
365 4013 400 4051 ae
419 4013 546 4074 poenam
568 4005 663 4056 vocet.
705 3999 752 4056 Ex
776 3995 823 4054 liis
846 3996 951 4070 collige
971 4016 1025 4053 eur
1047 3992 1283 4051 enrendationem

195 4081 313 4138 numeri
328 4074 424 4162 pingi.
445 4080 477 4138 iu
498 4073 592 4162 Ιγξογ’.
616 4085 750 4160 superius
771 4091 887 4160 ceptam
910 4079 961 4138 hic
987 4078 1106 4157 quidem
1124 4075 1281 4133 tenendam
1302 4114 1304 4118 -

195 4172 309 4236 ruente,
332 4175 444 4225 utnon
466 4167 833 4246 aperterrranil'estandam
858 4184 1039 4224 censeamus.
1084 4160 1160 4218 Vide
1183 4160 1282 4239 ipsum

195 4248 361 4309 Autlrorcm
378 4253 466 4310 modo
482 4252 619 4331 superius
635 4252 770 4334 exposito
785 4253 864 4310 eirea
875 4271 968 4308 anrrns
978 4243 1085 4325 loseph
1096 4243 1284 4303 hallucinan-

195 4343 255 4395 ton
272 4353 339 4414 pag.
355 4355 414 4412 seq.
432 4339 507 4398 linea
525 4338 630 4418 prima.

279 4425 348 4498 Peg·
371 4427 440 4490 113.
465 4420 567 4510 Τούτῳ
586 4429 627 4509 τῷ
647 4415 693 4503 ψ’.
713 4417 792 4502 lisa]
817 4419 916 4481 Verba
940 4415 1014 4478 hacc
1037 4435 1093 4476 suo
1113 4414 1181 4475 loeo
1202 4421 1284 4473 mota
