3109 4959
621 433 923 505 DISSERTATIO.
1269 422 1319 497 47

227 601 384 653 sertatum.
425 591 464 652 lit
485 590 575 675 tiber,
585 600 726 671 quartus,
756 610 846 671 quem
867 588 1013 669 Georgius
1038 586 1187 669 tiatorem
1206 588 1321 669 laudat,

229 677 356 758 amplius
370 678 503 757 explieat
512 722 520 754 ,
543 698 619 757 quae
637 678 671 736 in
690 677 768 737 libro
790 676 922 737 secundo
938 675 976 737 de
990 674 1137 756 martyrio
1151 675 1255 735 matris
1270 695 1321 738 se·

228 772 367 843 ptemque
381 762 512 822 liliorum
525 762 645 823 brevius
661 771 779 823 narrata
794 771 874 823 sunt.

315 847 544 907 Accurutisaime
565 848 693 927 denique
715 850 786 905 loca
806 848 847 909 N.
873 848 903 905 T.
925 844 1060 923 collegit,
1082 843 1190 925 quibus
1205 863 1254 905 rea
1267 862 1323 924 ge-

228 939 291 991 stae
312 932 491 993 Iudaeorum
513 940 563 992 aut
584 932 729 1011 explicari
751 942 805 991 aut
825 930 935 1008 corrigi
956 939 1093 1011 possunt.
1135 929 1322 1010 Saepimre-

227 1016 306 1097 petit
321 1018 526 1077 testimonium
539 1014 653 1087 Lucae,
676 1039 738 1097 quo
753 1017 868 1077 Cainsn
888 1016 1035 1096 decimum
1049 1014 1171 1075 tertium
1187 1013 1225 1073 ab
1237 1014 1322 1075 sde-

226 1106 293 1171 mo‚
313 1100 411 1162 filium
426 1102 613 1183 Arphsxodia
625 1122 703 1179 esse,
725 1123 788 1161 non
802 1103 899 1161 Salam
915 1100 1069 1180 probatur.
1112 1100 1238 1181 Saepius
1251 1100 1322 1160 lan-

227 1185 279 1245 det
296 1188 477 1263 orationem,
499 1186 532 1246 in
552 1208 609 1267 quo
626 1189 722 1247 Luco
747 1186 793 1265 (in
813 1187 938 1245 Actibus
952 1184 1086 1265 Apostol.
1103 1204 1167 1265 cap.
1182 1182 1227 1264 7.)
1249 1186 1323 1244 Ste-

228 1270 362 1349 phanum
387 1273 640 1351 l’rotomortyrem
661 1292 710 1333 res
733 1272 909 1331 ludaeorum
932 1269 1112 1349 antiquiores
1135 1279 1323 1329 enarrantem

228 1356 302 1413 fucit
315 1375 382 1435 pag.
405 1362 455 1423 93.
473 1358 523 1423 94.
542 1359 593 1423 95.
635 1358 674 1417 Et
694 1354 852 1415 historiam
874 1355 985 1414 Christi
1005 1364 1095 1434 atque
1109 1350 1322 1433 Apostolorum

222 1458 266 1499 ‚ex
285 1440 453 1517 Evangeliis
472 1443 654 1520 rictibusque
669 1462 686 1499 a
702 1442 828 1519 Georgio
845 1439 980 1500 haustam
995 1459 1075 1515 esse,
1096 1438 1152 1499 vix
1175 1459 1251 1520 opus
1266 1446 1323 1515 est,

227 1532 266 1582 ut
278 1544 518 1585 commemorem:
542 1526 596 1585 cir.
616 1527 678 1591 315
699 1547 742 1605 sq.
762 1529 825 1591 327
847 1546 891 1605 aq.
930 1524 1060 1584 Maxime
1072 1531 1103 1583 et
1115 1524 1241 1584 sortasse
1256 1543 1322 1585 non

226 1616 345 1689 praeter
366 1611 511 1669 rationem
531 1612 651 1668 Lucam
672 1611 824 1689 seqnitur,
846 1630 862 1670 e
880 1608 1059 1669 sacerdotali
1076 1627 1183 1686 genere
1206 1617 1321 1686 ortum,

227 1692 278 1772 qui
295 1696 436 1773 temporis
453 1695 587 1753 ordinem
603 1695 774 1771 diligentius
791 1715 879 1773 quam
900 1692 1009 1753 caeteri
1024 1693 1198 1768 distinguit,
1221 1691 1322 1752 euius-

228 1797 286 1856 que
301 1778 435 1838 divinam
450 1779 624 1839 brevitatem
640 1774 708 1855 (seio
722 1780 815 1839 θείαν
830 1774 1007 1857 συντομίαν)
1025 1776 1059 1835 in
1076 1784 1210 1854 tempore
1226 1796 1322 1856 expo-

228 1862 329 1921 nendo
351 1862 455 1921 multis
478 1862 584 1931 verbis
598 1862 715 1921 laudet:
746 1882 814 1940 pag.
836 1865 909 1927 318.
931 1861 988 1937 A„
1015 1863 1088 1927 319.
1109 1861 1157 1935 0.,
1184 1862 1258 1927 325.
1278 1861 1323 1942 0.,

228 1948 301 2011 326.
323 1945 358 2006 Β.
400 1948 554 2022 Attamen,
576 1946 622 2004 uti
642 1946 675 2003 in
694 1944 778 2005 libris
797 1945 913 2006 Veteris
925 1944 1107 2006 Testamenti
1120 1946 1232 2023 scripta
1249 1946 1323 2005 Tal-

227 2028 350 2089 mudica
370 2050 433 2090 non
447 2031 633 2109 neglexerat,
655 2050 752 2110 neque
774 2028 888 2110 scripta
911 2029 1061 2105 Philonia,
1082 2027 1323 2108 IosephiaePs·
1403 2069 1405 2074 ·

227 2122 308 2173 trum
321 2115 464 2175 ecclesiae
479 2115 658 2175 christianae
671 2116 830 2195 praeterit,
853 2133 871 2174 e
885 2114 993 2195 quibus
1006 2113 1157 2174 interdum
1169 2116 1324 2175 narratio-

227 2218 298 2258 nem
312 2200 568 2278 Evangelistomm
583 2200 730 2281 suppleat.
772 2200 964 2278 „Sciendum
982 2209 1042 2277 est,
1063 2198 1322 2282 neutericis,

227 2285 324 2343 mults
336 2282 498 2363 ,Evorrgelis
518 2284 631 2366 scriptu
648 2305 729 2363 esse,
750 2304 767 2345 e
785 2284 893 2366 quibua
914 2294 1045 2365 quatuor
1062 2285 1211 2344 duntaxat
1221 2284 1322 2347 Brutis

227 2368 370 2449 apostolis
390 2370 516 2449 probata
537 2378 624 2447 sunt,
645 2389 723 2450 quae
741 2370 774 2429 in
792 2368 933 2431 Ecclesiis
951 2371 1132 2449 legerentur:
1152 2369 1199 2429 uti
1217 2389 1236 2427 a
1255 2369 1323 2448 qui·

226 2453 349 2513 busdam
369 2454 496 2515 insontia
516 2476 635 2536 quoque
659 2455 824 2536 salvatorio
842 2455 938 2516 nostri
948 2454 1110 2536 descripto
1124 2463 1186 2531 est,
1209 2454 1322 2534 quibus

228 2538 374 2598 miracula
394 2546 523 2619 ποιητοῦ
546 2536 661 2603 τούτων
676 2534 797 2604 αἰώνων
820 2540 858 2600 ad
874 2561 984 2599 annum
1002 2560 1096 2619 usque
1110 2538 1322 2599 duodecimum

226 2632 344 2701 petr-otu
362 2634 574 2687 memorantm.
618 2626 665 2683 Ex
687 2626 751 2683 istis
774 2625 926 2685 antemio
947 2645 1091 2685 canonem
1108 2644 1171 2683 non
1191 2623 1322 2703 receptis

227 2707 387 2785 evangeliis
404 2717 503 2787 patrea
521 2709 661 2767 ecclesiae
675 2710 823 2769 nonnulla
843 2709 875 2766 in
890 2708 1002 2789 scripta
1023 2728 1076 2769 sua
1090 2707 1321 2786 trasmulerunt,

226 2792 310 2851 unde
335 2791 457 2852 caeteris
481 2790 656 2853 Christianis
674 2803 775 2854 tautae
798 2792 985 2855 auctoritatis
1004 2812 1068 2855 esse
1084 2792 1150 2854 viss
1170 2801 1257 2872 sunt,
1285 2802 1323 2855 ut

225 2875 315 2937 iidem
329 2874 399 2935 dure
410 2898 471 2937 non
486 2876 661 2939 dubitarint.

308 2961 359 3020 Sic
373 2962 534 3038 Iacobum,
555 2972 708 3023 auctorem
729 2962 873 3043 epistolae
890 2959 1069 3037 catholicae,
1091 2961 1236 3041 Georgius
1248 2964 1322 3045 plu·

225 3044 285 3107 rios
305 3041 356 3111 adv
376 3042 568 3126 ἆθελφόθεον
584 3045 637 3111 sol
663 3048 781 3112 diusmo
802 3048 921 3125 laudat,
949 3057 981 3108 et
1001 3047 1148 3107 Clemente
1163 3059 1235 3107 teate
1252 3070 1322 3110 eum

226 3130 357 3210 primurn
380 3132 554 3213 episcopum
573 3132 852 3213 Hierosolymorum
876 3132 978 3214 ponit,
998 3152 1066 3213 pag.
1085 3134 1158 3198 327.
1171 3134 1226 3209 lh,
1247 3136 1322 3200 328.

226 3215 263 3275 Δ.
278 3215 333 3291 Β.,
352 3218 425 3281 329.
440 3217 472 3280 C.
489 3218 525 3278 ll.
533 3260 543 3295 ,
565 3220 638 3285 330.
650 3218 687 3279 Β.
728 3218 846 3279 Eusebii
862 3238 981 3298 quoque
996 3216 1200 3277 testimonium
1212 3217 1322 3279 addere

225 3299 373 3380 potuisset
388 3298 465 3360 Hist.
483 3298 609 3362 Ecclll.
624 3321 652 3363 c.
670 3306 718 3377 1.,
739 3311 770 3360 et
787 3321 825 3361 ex
841 3303 967 3363 Eusebio
982 3300 1017 3361 ll.
1034 3320 1060 3360 e.
1075 3304 1127 3366 23.
1145 3300 1323 3384 Hegesippir

226 3383 431 3445 testimonium
442 3402 514 3445 vero
526 3383 748 3463 gravissimum,
770 3386 852 3466 quod
864 3386 1034 3447 addendum
1048 3384 1165 3461 luisset,
1187 3387 1322 3469 scripto·

224 3490 296 3530 rum
316 3467 512 3546 biblicorum,
534 3489 596 3529 non
612 3471 782 3551 profertur,
803 3471 887 3550 quod
911 3471 1026 3531 nullum
1046 3478 1107 3546 est,
1129 3480 1160 3531 et
1176 3479 1242 3531 tota
1256 3481 1322 3534 tra·

225 3553 316 3625 ditio,
343 3552 483 3615 iacobum
501 3554 607 3630 illum,
629 3554 682 3635 qui
705 3555 833 3616 aPaulo
852 3555 887 3614 in
903 3557 988 3637 epist.
1004 3553 1043 3615 sd
1063 3554 1183 3617 Galatas
1202 3576 1268 3637 cap.
1289 3562 1318 3623 1.

224 3658 302 3702 vers.
327 3641 375 3706 19.
397 3641 489 3700 frater
510 3638 630 3700 Domini
652 3650 794 3717 vocatur,
824 3651 975 3701 auctorem
993 3640 1136 3721 epistolae
1155 3640 1320 3702 catholicae

225 3733 257 3785 et
272 3724 402 3804 primum
423 3725 598 3806 episcopum
617 3722 890 3812 Hierosolymorum
913 3727 1017 3802 luisse,
1037 3726 1103 3788 solo
1124 3744 1247 3789 rumore
1267 3734 1320 3786 sut

225 3809 395 3870 coniectura
410 3811 465 3870 niti
478 3811 611 3874 videtur.
1006 3881 1008 3886 ,

311 3894 361 3953 sic
380 3915 447 3977 pag.
463 3898 537 3963 329.
556 3896 590 3960 B.
614 3894 646 3956 C.
661 3904 782 3957 narrat:
808 3894 959 3957 Christum
974 3895 1013 3956 ad
1029 3894 1201 3975 Abgarum,
1220 3913 1320 3972 regem

226 3974 351 4037 Edessae
369 3980 461 4053 (urbis
476 3979 717 4062 Mesopotamiae)
738 3981 864 4061 effigiem
880 3984 984 4043 vultus
1003 3982 1119 4041 misisse
1133 3979 1248 4057 hasque
1262 3979 1319 4040 lit-

225 4068 305 4120 teras
318 4062 447 4127 dedisses
466 4066 519 4143 „in
530 4066 647 4127 eoelum
659 4077 798 4149 receptos
806 4067 924 4128 mittam
936 4068 992 4128 tibi
1003 4066 1221 4144 discipulorum
1234 4084 1319 4125 meo-

226 4164 295 4207 rum
316 4151 495 4226 nonnullos,
517 4151 653 4211 morbum
677 4162 765 4213 tunm
785 4164 944 4213 curaturos
967 4173 1002 4211 sc
1024 4150 1080 4210 tibi
1098 4150 1219 4228 tuisque
1239 4149 1319 4210 vitae

226 4240 365 4291 auctores
384 4232 536 4296 futuros.”
556 4268 599 4286 -
620 4238 659 4297 lit
681 4236 800 4298 Christo
821 4248 942 4299 mortuo
963 4234 1154 4304 Thaddseum
1173 4232 1319 4294 sThoma

225 4314 329 4377 divino
346 4315 429 4377 iussu
451 4319 591 4383 Edessam
605 4323 821 4398 minonem,
852 4321 1036 4401 evangelium
1055 4320 1317 4396 annuncieturum,

224 4400 277 4479 qui
296 4401 447 4483 Abgarum
469 4410 620 4469 meaverit
643 4418 828 4489 cunctosque
851 4407 933 4469 urbis
958 4406 1038 4467 cives
1058 4404 1158 4465 verbis
1178 4416 1209 4467 et
1230 4406 1319 4465 sactis
