3109 4959
135 458 137 461 ·
258 432 333 507 498
631 440 982 511 EMENDATIONES

259 602 315 681 qui
337 596 559 681 dereliquerunt
579 604 681 661 Deum
702 619 811 675 suum,
840 608 869 655 st
895 596 1102 657 odoraverunt
1126 600 1208 658 Deos
1228 598 1354 677 alienos,

252 706 313 767 pro
330 707 388 765 quo
403 688 507 744 scelere
522 686 591 743 dati
607 696 682 743 suast
697 688 730 741 in
742 682 888 761 gladium
906 692 962 745 etc.
987 704 1055 742 cum
1075 684 1215 743 videlicet
1233 684 1355 744 abducti

255 772 289 831 in
304 771 524 851 captivitatem,
545 772 584 830 ad
603 770 754 830 idolorum
770 769 886 827 cultum
901 770 1041 849 deinceps
1064 790 1126 827 non
1151 770 1355 829 deflexerunt:

256 854 343 916 Prius
353 856 454 935 itaque
469 856 605 935 corrupti
621 855 719 915 cultus
728 854 782 930 rei,
797 857 878 912 Dnti
890 865 963 912 aum
977 852 1177 932 deglutimur,
1193 866 1220 911 et
1230 857 1355 935 inrupi.

255 962 341 1017 raum,
354 951 381 997 et
395 942 427 999 in
441 943 646 1018 consessionem
659 941 887 999 inimicissime.-
902 940 1024 997 llemum
1033 936 1136 998 luditls
1145 939 1286 999 virtutes
1300 959 1356 1020 pe-

255 1026 353 1086 riculo
364 1025 535 1085 imminente
547 1025 675 1099 liberati,
690 1024 809 1083 nullum
823 1034 958 1083 exterum
969 1045 1066 1101 regem
1076 1025 1193 1103 experti
1207 1032 1288 1099 sunt,
1300 1027 1357 1104 qui

252 1110 444 1190 perturbaret
457 1112 562 1185 lsrael,
575 1120 682 1190 etpost
693 1120 817 1167 mortem
826 1107 932 1167 ludim
945 1112 1037 1167 cannis
1050 1110 1175 1168 multis:
1191 1110 1287 1168 donoc
1297 1114 1354 1167 An-

257 1194 428 1255 tiochorum
449 1197 586 1275 tyrannis
607 1216 656 1255 cos
678 1194 788 1253 alllixit
802 1194 1015 1253 vehementius.
1064 1194 1209 1253 Addeuda
1228 1196 1261 1253 in
1277 1192 1355 1253 banc

257 1279 382 1339 eundem
401 1290 528 1340 mentem
549 1280 585 1337 ab
600 1278 734 1339 Authore
747 1278 873 1338 inferius
890 1279 1026 1358 exposita
1040 1298 1106 1359 pag.
1122 1282 1194 1345 251.
1207 1279 1243 1340 Δ.

339 1362 373 1427 ‘0
388 1363 420 1426 ἐκ
434 1369 489 1445 τῆς
504 1360 614 1445 δούλης
627 1365 677 1444 ἔτη
692 1358 763 1443 ud]
789 1364 919 1443 Scaliger
939 1385 1009 1423 cum
1024 1363 1152 1423 Eusebio
1167 1364 1217 1445 ἔτη
1236 1358 1288 1426 λό’.
1304 1382 1357 1424 se·

258 1449 362 1528 quenti
374 1469 493 1529 quoque
509 1450 671 1528 Tarquinio
686 1452 737 1516 35.
752 1450 876 1507 ascribit
890 1468 956 1529 pag.
971 1451 1023 1515 42.
1044 1470 1148 1509 verum
1168 1469 1206 1507 ex
1225 1448 1356 1508 Eusebio

258 1531 451 1613 Hieronymi,
476 1534 561 1592 cuius
578 1534 708 1593 calculos
728 1534 917 1613 frequentius
937 1533 1063 1612 deserit,
1082 1542 1177 1615 prout
1199 1534 1357 1611 utriusqus

256 1618 336 1678 sacta
353 1618 535 1697 comparatio
552 1619 691 1678 declarat.

216 1761 222 1775 ·
344 1719 411 1782 Tot
424 1717 457 1782 δὲ
470 1714 584 1801 κόσμου
596 1713 726 1803 mil-l
748 1718 927 1799 Tarquinius
941 1718 1062 1781 Priscus
1077 1719 1114 1777 ab
1130 1718 1210 1778 orbis
1228 1716 1356 1777 conditu

257 1804 350 1873 4876.
370 1804 507 1882 regnovit
523 1806 608 1864 annis
629 1808 679 1871 37.
697 1805 734 1864 ud
748 1806 903 1883 vulgarem
923 1806 1024 1885 itaque
1039 1816 1207 1865 correctum
1225 1804 1321 1871 4913.
1336 1822 1356 1860 ι

258 1911 319 1971 quo
332 1890 453 1948 Servius
468 1890 574 1949 Tullus
593 1910 717 1967 regnum
732 1891 861 1953 orditur.

345 1970 429 2049 Τινὲς
443 1971 626 2055 βούλονται]
648 1975 751 2053 Signat
771 1974 943 2034 chronicon
962 1973 1199 2035 Alexandrinum
1218 1992 1287 2055 pag.
1301 1970 1355 2037 84.

257 2067 334 2119 etse
356 2079 386 2136 q.

342 2140 407 2205 Enl
421 2137 454 2204 sd
468 2136 522 2205 κδ’.
537 2140 622 2223 leuc]
645 2141 816 2203 vertentem
829 2151 859 2202 et
872 2142 1052 2202 absolutum.

333 2222 409 2306 Ἔπη
425 2224 479 2305 μὲν
494 2228 627 2308 γίνονται
641 2222 723 2305 σκς’.]
747 2226 904 2306 'surquiuii
920 2225 1047 2308 Superbi
1062 2235 1185 2305 quartus
1200 2248 1292 2307 supra
1303 2225 1356 2287 vi-

258 2310 399 2372 cesimum
413 2311 516 2369 muudi
531 2312 627 2377 4930.
646 2312 759 2390 reperit
774 2311 972 2371 incidentem:
995 2313 1128 2389 adeoque
1147 2312 1260 2373 Itomae
1278 2333 1356 2371 con-

257 2395 324 2457 ditu
336 2395 375 2453 ad
386 2394 492 2454 mundi
506 2394 599 2461 4755.
614 2416 706 2475 prave
720 2396 834 2476 scripto
851 2416 916 2476 pag.
935 2398 1005 2462 195.
1022 2398 1052 2460 Β,
1070 2397 1117 2455 nil
1138 2398 1249 2457 mirum
1270 2397 1296 2456 si
1315 2397 1355 2456 ad

256 2479 435 2559 regifugium
453 2499 548 2557 usque
562 2480 618 2537 soli
637 2478 705 2542 one'.
722 2478 782 2539 hoc
796 2490 840 2539 est
856 2482 927 2547 225.
941 2483 1100 2541 videantur
1111 2482 1284 2557 desiderari,
1302 2482 1356 2560 qui

258 2584 297 2625 ex
317 2563 444 2645 privatis
462 2584 567 2643 regum
585 2565 709 2624 summis
724 2587 740 2625 a
755 2565 861 2623 mundi
876 2567 970 2631 4754.
985 2567 1023 2625 ad
1043 2570 1135 2633 4981.
1155 2576 1356 2626 numerantur

258 2655 333 2716 227.
355 2648 436 2707 Haec
447 2647 550 2708 homas
568 2650 719 2725 omnium,
742 2670 816 2731 qum
829 2650 970 2709 Historici
984 2651 1101 2729 regibus
1120 2653 1283 2714 Romanam
1297 2671 1354 2711 ur-

256 2734 326 2795 bem
352 2733 627 2813 administrantibus
652 2735 819 2813 assignent,
853 2735 975 2794 minima
998 2745 1052 2799 est.
1103 2737 1243 2797 Studium
1262 2731 1356 2795 'omno

255 2836 484 2899 supremamque
500 2819 682 2897 diligentiam
701 2819 735 2878 in
758 2841 790 2878 aa
810 2818 848 2877 ad
866 2820 943 2879 diem
963 2841 1057 2899 usque
1078 2822 1219 2881 ultimum
1236 2822 1355 2880 consti-

258 2902 370 2963 tuenda
384 2912 553 2983 posuerunt
570 2903 710 2981 Sigonius
724 2913 754 2962 et
770 2904 933 2979 Onusrius,
956 2926 1030 2984 quos
1045 2906 1181 2965 imitatus
1196 2904 1277 2963 omni
1298 2907 1355 2965 lit-

258 2995 390 3047 tsrsrum
404 3007 510 3067 genere
526 2990 664 3048 excultus
678 2988 818 3049 Petavius
832 2990 945 3056 lib.10.
960 2993 997 3050 de
1009 2992 1094 3052 Doct.
1112 2992 1214 3069 Temp.
1227 3010 1291 3069 cap.
1302 2997 1353 3057 91.

259 3090 299 3133 ex
319 3072 359 3131 eis
382 3080 411 3132 st
425 3073 491 3133 aliis
512 3073 712 3133 Romanarum
732 3094 833 3133 rerum
852 3075 1069 3157 scriptoribus,
1093 3075 1174 3153 quad
1188 3075 1354 3134 humanum

128 3228 131 3234 Ι
257 3156 380 3217 vaensri
394 3165 493 3237 potest
504 3156 653 3235 ingenium
668 3179 723 3225 suo
736 3158 842 3233 lubore
857 3167 888 3215 et
902 3160 1048 3218 industria
1066 3169 1161 3219 totum
1176 3160 1352 3239 assequitur.

259 3240 368 3315 Quoad
383 3236 546 3300 luthorem
564 3241 697 3301 observo.
722 3247 750 3307 1.
764 3242 865 3319 Regno
880 3243 1000 3302 Romuli
1018 3244 1169 3303 communi
1183 3244 1353 3306 Historico-

258 3345 328 3386 rum
350 3324 490 3403 sullragio
512 3324 598 3385 snnis
612 3328 663 3392 38.
678 3326 846 3401 attributis,
867 3327 929 3387 eius
943 3348 1021 3388 suno
1037 3332 1086 3395 13.
1104 3329 1229 3388 Romam
1245 3330 1354 3389 sunda·

258 3419 321 3469 tam
340 3410 451 3471 referre
457 3454 466 3486 ,
489 3409 621 3489 adeoque
643 3411 679 3470 ab
702 3410 765 3471 eius
788 3410 912 3471 conditu
927 3414 1005 3471 solos
1022 3414 1073 3478 25.
1091 3433 1185 3472 annos
1197 3434 1236 3473 ex
1253 3434 1288 3473 eu
1302 3433 1352 3473 rs·

257 3496 433 3556 censendos.
454 3500 483 3560 2.
497 3493 610 3554 Numae
625 3494 820 3574 quadraginta
840 3505 871 3554 et
889 3516 999 3570 unum,
1020 3506 1084 3555 tum
1100 3495 1168 3574 hic,
1189 3506 1252 3557 tum
1269 3498 1351 3579 apud

256 3578 419 3639 Eusebium
430 3577 601 3650 numerari,
622 3579 729 3638 unicus
742 3588 843 3638 tamen
858 3580 909 3639 ille
923 3580 1178 3659 quadragesimum
1196 3603 1351 3664 superans,

257 3664 460 3743 interregnum
476 3670 545 3743 post
560 3670 695 3741 ereptum
709 3664 870 3723 Romulum
884 3672 913 3723 et
928 3665 1053 3724 Numam
1068 3687 1166 3744 regem
1180 3669 1352 3747 proclama-

256 3757 323 3808 tum
344 3748 424 3827 apud
440 3747 515 3807 alios
538 3744 683 3808 emetitur.
711 3750 742 3813 3.
765 3750 850 3827 Anco
863 3748 971 3809 Martio
986 3750 1064 3810 solos
1078 3754 1129 3817 23.
1145 3760 1175 3810 et
1186 3752 1350 3834 'l'srquinio

256 3835 309 3898 37.
328 3832 429 3893 tribui.
473 3832 518 3891 Ex
540 3832 649 3910 quibus
668 3831 718 3901 fit,
741 3823 863 3894 ut'cum
882 3835 1018 3916 plerique
1039 3834 1236 3915 Chronologi,
1259 3838 1351 3921 (inter

257 3935 333 3997 quos
346 3916 476 3998 reperias
497 3913 674 3997 Eusebium)
696 3916 804 3979 llomse
818 3920 972 3980 conditum
986 3941 1004 3979 o
1023 3919 1121 3999 primo
1138 3922 1257 3983 Romuli
1270 3944 1349 3982 anno

255 4011 447 4079 recenseant,
474 4011 539 4066 tum
560 4002 635 4063 Anci
654 4002 754 4063 Martii
777 4023 871 4064 armos
886 4004 937 4071 24.
961 4014 992 4064 et
1011 4004 1166 4084 Tarquinii
1185 4008 1281 4069 Prisci
1296 4011 1348 4079 88.

255 4097 427 4147 numerent:
448 4087 604 4168 propriam
619 4107 763 4148 summam
776 4088 947 4168 quindecim
960 4090 1045 4149 annis
1058 4091 1278 4169 syncelliauam
1294 4110 1351 4151 su·

256 4190 363 4253 perure
374 4172 503 4233 videant.
539 4172 616 4232 Solis
630 4173 856 4253 quatuordecim
870 4174 987 4233 excedit
999 4172 1078 4234 banc
1090 4176 1273 4240 Eusebium:
1288 4185 1351 4235 tre-

258 4255 355 4318 decim
368 4256 512 4317 nimirum
524 4277 563 4316 ex
578 4257 698 4317 Romuli
712 4278 820 4334 regno,
842 4267 872 4319 et
889 4258 982 4319 altero
1001 4280 1040 4320 cx
1057 4261 1154 4334 Servii
1168 4262 1251 4323 Tulli
1268 4263 1351 4320 Tar-

257 4338 413 4423 quiniique
427 4349 560 4423 tempore
573 4342 720 4403 collectis:
740 4341 850 4402 horum
864 4345 975 4424 quippe
986 4344 1115 4426 spatium
1128 4354 1177 4407 est
1190 4344 1274 4429 spud
1283 4345 1349 4407 Eu-

255 4424 369 4487 sebium
386 4431 438 4497 69.
456 4428 539 4511 apud
552 4428 726 4511 syncellum
736 4430 790 4497 68.
806 4447 963 4491 sucorum.
