3109 4959
277 407 353 487 480
645 413 991 492 mmuua'nonus

360 572 421 639 rtet
435 569 518 683 ’ὄνων
537 564 682 656 Μήδων]
701 572 776 636 Loci
788 594 897 636 nomen
910 574 1070 658 proprium
1089 577 1226 660 superius
1241 575 1360 659 scripsit

275 655 395 720 Author
407 656 449 736 ei,
477 664 556 740 Ορη,
577 678 616 719 sx
635 665 688 726 70.
713 660 926 740 luterpretibus
941 661 972 726 4.
998 661 1111 742 Regum
1126 683 1191 745 cap.
1205 667 1255 730 18.
1266 683 1296 722 r.
1310 667 1360 728 11.

276 743 314 808 dr
325 737 420 826 'Abdp
438 746 562 824 noropd
574 741 626 807 rai
638 739 734 820 Patale
748 740 884 827 rol'Opp
896 740 1027 826 Μήδων.
1059 748 1117 808 Ubi
1131 747 1254 816 Latinus
1264 747 1363 807 inter·

274 847 354 909 pres.
387 827 423 887 lu
439 827 521 888 Abor
534 807 627 888 llario
640 838 670 888 et
684 829 786 888 Goran
798 838 827 889 st
841 833 902 904 (tre
919 829 1082 890 Medorum.
1122 831 1181 892 Hic
1201 831 1361 912 appelleti-

275 929 348 972 πω
367 919 463 992 siper
478 931 562 972 usus
573 911 685 972 llsxuur
698 913 890 976 demonstrat.
932 915 1099 975 Secundam
1112 914 1192 976 bunc
1202 916 1361 975 lectionem

207 998 208 1001 ’
275 995 387 1077 probat
406 995 549 1057 Eusebius
567 995 743 1078 Hieronymi
759 997 801 1058 ud
822 1017 932 1057 aunum
952 997 1086 1058 Abrabae
1107 1004 1200 1068 1270.
1222 999 1361 1060 scribens.

276 1081 388 1139 Decem
400 1079 499 1139 tribus
514 1083 768 1142 translataesunt'
787 1085 821 1141 in
842 1092 955 1142 menter
968 1081 1137 1146 Medorum.
1177 1085 1311 1146 serarius
1330 1091 1362 1142 st

275 1164 411 1225 Sanctius
427 1165 582 1226 adiunctos
596 1165 740 1228 dictiones
752 1166 912 1227 elucidant.

277 1289 288 1312 .
360 1253 463 1329 Δῆλον
471 1245 518 1314 b‘rs
526 1243 646 1329 Μήδων
657 1248 690 1314 so*
703 1249 811 1334 pirae]
824 1251 905 1311 Haec
919 1249 1044 1311 Eusebio
1057 1252 1189 1334 ascripta
1200 1273 1258 1334 pro
1274 1252 1362 1314 libito

274 1340 397 1392 truncat
408 1333 541 1414 Scaliger
552 1333 588 1394 ,iu
602 1343 710 1406 textu,
732 1345 762 1395 et
776 1335 905 1395 rationes
920 1334 970 1395 hic
985 1337 1089 1396 allam
1109 1336 1178 1397 Not.
1198 1357 1266 1418 pag.
1286 1340 1361 1404 257.

277 1415 484 1494 frigidissimas
502 1427 606 1479 vocate
627 1415 740 1501 ὅψίμος
757 1428 803 1480 est
813 1419 877 1482 eius
890 1418 1024 1498 ἕξουσίν,
1044 1430 1074 1480 et
1094 1441 1185 1502 supra
1197 1440 1287 1481 suum
1299 1421 1364 1481 Eu·

274 1500 386 1560 rebium
403 1495 566 1582 ὀψιμαθία.

359 1587 423 1664 l'vg·
446 1591 517 1653 206.
537 1581 609 1652 Ἀπδ
620 1583 882 1670 Σαρδαναπάλου]
909 1588 1070 1670 Hucusque
1088 1588 1218 1667 Scaliger
1235 1588 1271 1648 iu
1289 1588 1364 1649 ficto

273 1667 411 1728 Eusebio.
435 1669 526 1731 Verus
540 1670 648 1732 author
660 1671 833 1734 inchoatum
843 1695 1010 1756 sermonem
1021 1674 1217 1755 persequitur.

358 1752 573 1839 Σαλμανασᾶρ,
591 1753 628 1820 dr
640 1756 692 1820 eoi
708 1756 894 1841 Ναβονασᾰρ
909 1758 1055 1837 καλοῦσι]
1076 1757 1232 1833 Diversos,
1252 1777 1365 1817 acuon

274 1838 379 1898 aetatis
401 1839 528 1900 eiusdem
548 1842 713 1922 principes,
741 1845 794 1903 sed
813 1865 905 1904 unum
929 1843 1016 1901 alteri
1038 1861 1195 1920 supparem
1205 1883 1220 1918 ,U
1240 1842 1363 1918 quidam

272 1923 383 1982 volunt
396 1924 477 2003 apud
493 1925 735 1986 Pataviumlibro
748 1934 777 1994 9.
791 1927 925 1988 delicet.
941 1927 1044 2005 Temp.
1063 1945 1129 2004 csp.
1145 1927 1196 1990 52
1211 1921 1263 1983 ulii
1279 1945 1363 1983 coae-

273 2014 378 2065 taneae
395 2008 530 2086 quidemr
552 2020 583 2069 at
598 2010 747 2070 diversos:
770 2011 823 2068 olii
836 2009 963 2088 denique
978 2029 1070 2069 unum
1085 2018 1116 2068 et
1129 2009 1255 2068 eundem
1268 2007 1364 2069 bomi-

273 2109 343 2164 nem
356 2111 415 2149 uno
429 2102 458 2150 et
470 2094 563 2152 altero
580 2095 698 2152 nomine
711 2094 936 2174 appellandum,
958 2094 1064 2172 quibus
1079 2091 1196 2152 Autlsor
1207 2093 1364 2153 consentit.

274 2173 340 2252 lpso
356 2175 493 2235 Petavius
504 2177 641 2236 diversos
660 2179 828 2253 contendit,
849 2179 965 2236 veritus
983 2199 1021 2237 no
1039 2177 1275 2236 Salmanoosrum
1296 2198 1365 2238 cum

274 2258 432 2317 Merodaco
445 2262 623 2320 confundat:
644 2260 694 2320 bic
705 2283 832 2341 namque
848 2262 1036 2340 Babyloniis,
1058 2281 1126 2320 cum
1140 2262 1214 2320 alter
1226 2262 1365 2342 Assyriis,

274 2342 472 2421 imperitabat.
515 2345 596 2418 Quid
619 2347 703 2405 turni
725 2347 770 2404 An
795 2367 857 2404 non
873 2366 951 2404 unus
966 2346 1053 2405 alleri
1074 2350 1179 2427 parere
1193 2347 1313 2428 potuit,
1333 2354 1366 2406 et

273 2434 308 2482 ut
322 2435 438 2507 satrapa
451 2428 597 2509 principis
615 2430 745 2509 supremi
759 2431 837 2508 loges
851 2431 1023 2502 observare,
1045 2441 1075 2490 st
1090 2431 1152 2490 eius
1164 2430 1294 2492 militare
1311 2429 1367 2490 sti-

272 2511 412 2588 pendiis?
439 2514 520 2572 llaec
540 2513 681 2574 Autlrorie
696 2518 792 2574 nostri
812 2535 909 2591 mens,
931 2514 990 2574 hoo
1006 2536 1100 2575 unum
1121 2516 1268 2575 sermonis
1279 2517 1316 2575 ab
1328 2535 1364 2575 eo

273 2596 426 2673 praemissi
440 2599 638 2678 propositum.
667 2600 816 2672 Quocirca
831 2601 1046 2679 Nabonasarus‚
1067 2600 1145 2660 idom
1159 2599 1211 2678 qui
1225 2600 1365 2677 Ilulaeus,

273 2677 306 2735 in
322 2679 550 2759 Babyloniorum
564 2702 666 2760 regum
680 2685 825 2742 laterculo
840 2695 965 2763 quartus
980 2687 1091 2744 frustra
1106 2693 1243 2744 censetur
1261 2706 1279 2742 a
1305 2686 1366 2744 Po-

273 2763 370 2822 tavio:
403 2785 442 2824 uc
468 2767 674 2825 Nabonasarus
701 2769 780 2826 idem
809 2770 906 2844 primo
934 2768 1073 2826 laterculi
1098 2767 1167 2826 loco
1193 2787 1230 2826 sc
1257 2767 1366 2828 duodo

274 2856 400 2923 quarto,
430 2849 475 2908 bis
492 2850 635 2909 nimirum
658 2867 694 2909 ac
720 2851 847 2910 divesais
873 2850 1059 2932 temporibus
1085 2852 1287 2912 numerandus
1308 2872 1367 2911 oc-

274 2940 386 2991 currat.

240 3065 242 3068 -
357 3016 423 3094 l'ag·
445 3020 517 3082 207.
539 3009 590 3078 Ἐν
610 3015 643 3080 δὲ
663 3022 705 3104 τῷ
719 3017 795 3082 τέλει
809 3016 865 3099 τήν
881 3014 1010 3098 ἰσότητα.
1054 3019 1216 3100 Utriusque
1236 3019 1367 3080 Cononis

274 3098 430 3176 paritatem
444 3121 505 3160 iton
520 3101 656 3160 exhibuit
675 3104 819 3163 Autboris
839 3105 933 3184 ipsius
951 3104 1041 3166 fides:
1069 3107 1218 3167 secundus
1234 3104 1366 3187 primum

272 3181 360 3268 louge
373 3196 510 3265 superat,
532 3187 569 3246 de
584 3209 643 3266 quo
659 3207 781 3248 excessu
795 3209 849 3248 suo
863 3190 941 3252 loco.

357 3266 442 3331 Karai
459 3264 675 3353 ἅστρονομικὸν
690 3269 826 3352 κανόνα]
851 3277 1033 3334 Praesentem
1046 3272 1285 3334 Astronomicum
1308 3273 1366 3332 Ca-

273 3371 383 3411 uonem
398 3363 508 3414 tractat
523 3357 661 3416 Petavius
676 3358 728 3419 lib.
746 3363 775 3424 9.
792 3359 829 3417 de
841 3359 977 3418 doctrina
992 3360 1093 3439 Temp.
1108 3376 1174 3440 csp;
1190 3362 1240 3426 52.
1254 3367 1285 3418 et
1299 3367 1366 3418 tum

274 3454 313 3492 ex
324 3437 536 3515 scaligerum,
558 3450 623 3500 tum
636 3443 691 3502 alia
705 3443 797 3520 magis
812 3436 928 3522 nupera
945 3443 1074 3502 editione
1091 3443 1248 3502 nominum
1268 3436 1366 3523 ὄρθο-

273 3522 407 3600 ppupiur
420 3525 628 3585 correctiorem
641 3547 777 3608 promere
794 3526 919 3587 confidit
927 3573 936 3602 ,
959 3528 1011 3586 ubi
1024 3528 1187 3586 secundum
1203 3525 1366 3586 Chaldaeo-

275 3623 342 3662 rum
357 3623 454 3682 regem
467 3606 604 3684 Nadium,
625 3612 655 3675 3.
667 3610 836 3688 Chozirum,
858 3619 890 3679 6.
905 3613 1077 3687 Arrianum,
1098 3615 1128 3676 9.
1150 3610 1364 3690 Apranadium,

277 3693 326 3754 10.
339 3689 520 3766 lligebclum,
543 3696 591 3758 18.
612 3694 818 3773 leariedinum,
840 3701 889 3764 15.
912 3694 1276 3777 Chyniladanmnrsddit3
1297 3696 1366 3756 vics

274 3771 376 3847 Nubit,
405 3771 558 3850 Clririzeri,
589 3779 732 3856 Arceani,
762 3782 975 3862 Aporanodisi,
1004 3779 1157 3858 Irigebali‚
1191 3779 1364 3858 isarindini,

276 3856 458 3934 ciniladnii,
476 3879 538 3917 non
558 3861 649 3920 semel
661 3866 777 3940 modo,
809 3887 868 3946 quo
891 3868 1032 3928 mendum
1051 3863 1205 3944 irrepsisse
1222 3864 1364 3943 dicamus,

275 3941 329 4000 sed
342 3942 450 4001 iterum
464 3953 494 4003 ct
507 3945 613 4016 tertio,
635 3944 815 4025 insequenti
827 3951 1036 4010 Ecclesiastico
1049 3950 1177 4024 Conone,
1197 3960 1228 4010 et
1238 3951 1365 4010 subiun-

276 4036 326 4087 cto
341 4027 553 4104 Chaldaeorum
565 4048 668 4106 regum
682 4031 826 4092 laterculo
845 4037 1035 4114 scriptom
1076 4034 1254 4114 Discrepsut
1267 4033 1365 4095 adhuc

277 4111 449 4192 principum
464 4113 591 4185 istorum
604 4115 744 4173 nonnulli
758 4119 837 4194 apud
854 4120 1036 4197 scaligerum
1054 4118 1166 4178 canon
1183 4119 1260 4195 lsog.
1272 4119 1323 4181 hb.
1334 4125 1364 4185 2

277 4215 387 4254 nonreu
407 4197 490 4256 aliud
511 4196 697 4258 obtinentes:
727 4194 874 4261 sccundus
899 4205 977 4263 euim
998 4204 1128 4263 Nassius.
1149 4202 1180 4268 4.
1202 4203 1363 4262 Dilulseus.

276 4283 308 4343 9.
334 4281 571 4359 Aporonadicns.
601 4289 650 4349 10.
677 4282 877 4361 Herigebalus.
906 4292 958 4352 11.
985 4284 1284 4355 Nesmoemoudacus.
1314 4288 1364 4350 13.

277 4360 522 4434 leraedinus.14.
542 4367 753 4430 Saosducinus.
769 4370 820 4437 15.
839 4370 1043 4432 Kiuilsdrcus.
1059 4373 1108 4437 18.
1128 4367 1363 4433 Evilruerodacb.
