3109 4959
252 438 329 508 446
624 443 970 518 EMENDATIONES

252 599 392 686 δευτίρας
406 598 496 684 (vide)
510 600 697 682 ἐβασίλευσεν
711 600 865 685 Αἰγύπτου
873 647 882 677 ,
903 600 955 665 καί
970 601 1102 683 Μέμφιν
1115 602 1236 669 ἔκτισεν.
1257 605 1339 685 Epa·
1445 662 1449 667 .

252 688 330 768 phus
351 689 443 765 igitur
459 689 539 747 idem
562 688 613 764 qui
636 688 717 767 Apis.
758 688 928 748 Herodotus
945 687 979 746 iu
999 688 1104 749 'l'hslia
1124 691 1221 768 capite
1242 695 1293 756 27.
1319 688 1339 753 d

245 769 334 845 ’Ἆπις
348 769 723 852 τδνἝίληνεςἜποφον,
744 772 908 834 καλέουσιν.
948 773 1030 851 Apis
1049 796 1138 853 quem
1154 776 1265 834 Graeci
1283 796 1339 834 νυ-

250 870 323 916 cant
340 859 515 936 Εραρίιιιιιι.
543 859 581 916 Et
602 861 652 922 28.
675 856 693 920 o‘
714 853 848 929 δὲ”Απις
869 848 955 929 οὗτος
973 855 1149 936 ὅἝπιιφος.
1190 861 1338 920 immenso

253 943 349 1022 spatio
363 951 442 1001 errat
458 942 617 1019 Eusebius,
639 941 688 1021 qui
704 952 764 1000 tam
780 941 908 1001 diversis
922 944 1122 1020 temporibus,
1143 951 1173 1000 et
1185 946 1258 1009 245.
1280 964 1340 1002 an·

252 1028 300 1086 nis
324 1048 340 1084 a
361 1048 393 1086 se
415 1027 526 1087 dissitis
541 1028 638 1086 virum
655 1029 778 1086 eundem
800 1028 983 1086 caridemmet
994 1027 1098 1086 urbem
1111 1027 1280 1087 condidisse
1291 1049 1339 1088 ss·

252 1111 333 1182 serit.
375 1112 493 1171 Auther
506 1133 562 1172 niis
581 1132 647 1170 cum
665 1131 699 1170 eo
714 1131 794 1172 reus.
1203 1104 1206 1109 ’

337 1215 406 1290 Peg.
431 1217 499 1281 153.
530 1205 851 1293 utissiodorensis]
880 1212 948 1286 Qua
964 1213 1081 1272 ratione
1092 1232 1155 1271 non
1169 1213 1338 1291 Cecropem,

251 1297 304 1357 sed
324 1297 417 1380 Αἰγέα
439 1299 608 1370 Πανδίονος
634 1296 858 1357 Atheniensium
877 1319 976 1376 regem
1001 1297 1152 1376 primum,
1181 1298 1340 1376 ipsumque

252 1384 431 1462 Cecropem,
455 1379 506 1448 ,ὅτι
524 1377 689 1463 Αἰγύπτιος
709 1377 766 1457 oio,
790 1393 848 1443 etc.
889 1383 1074 1463 Aepyptium
1100 1382 1191 1441 faciat
1211 1383 1340 1460 Scaliger

250 1488 319 1548 pag.
334 1473 384 1534 26.
404 1476 433 1526 et
446 1467 568 1526 Athenis
582 1478 702 1541 notum,
725 1487 771 1525 ine
790 1467 870 1527 latet.

334 1566 367 1631 Ὁ
382 1561 561 1650 thetimque]
585 1567 771 1628 Atheniensis
784 1567 852 1642 hic,
873 1588 974 1628 rerum
993 1567 1157 1628 Atticarum
1173 1575 1202 1624 ct
1215 1566 1339 1624 aliorum

250 1673 374 1734 operum
391 1653 519 1732 scriptor
533 1663 678 1730 vetustus,
700 1673 843 1711 coaevum
854 1651 959 1712 habuit
973 1653 1213 1728 Eratosthenem,
1234 1652 1270 1710 de
1281 1669 1338 1729 quo

150 1809 152 1812 Ι
250 1758 363 1820 nuper:
385 1737 422 1796 de
436 1737 493 1796 ulio
513 1739 617 1796 Suidss
626 1783 635 1812 ,
657 1747 687 1796 et
703 1737 824 1797 Vossius
839 1737 997 1798 Historicis
1012 1738 1045 1796 iu
1059 1737 1191 1798 Graecis.

325 1838 485 1919 ’Ἄρχοντες
500 1835 550 1900 διαί
572 1840 641 1919 βίον
656 1833 726 1920 ιβ’.]
740 1838 904 1918 Aeschylus
921 1839 977 1898 sub
993 1860 1050 1919 quo
1064 1839 1216 1898 institutae
1230 1836 1342 1916 Olym-

249 1924 352 2005 piades
370 1926 529 1982 llectorum
547 1923 772 1983 Atheniensium
788 1944 885 1982 nonus
902 1945 991 2004 supra
1008 1926 1182 2002 vigesimum
1204 1931 1300 1980 extat:
1322 1941 1339 1979 a

253 2009 385 2088 Cecrope
400 2008 549 2067 sexdecim
565 2029 645 2086 reges
668 2019 879 2082 numerantur,
901 2028 968 2068 cum
985 2010 1116 2088 Cecrope
1132 2013 1180 2074 17.
1203 2005 1342 2065 Archon·

251 2101 296 2152 tes
318 2092 454 2173 perpetui
473 2095 582 2172 reliqui
603 2103 672 2152 sunt
690 2098 738 2160 13.
756 2095 793 2153 ad
813 2094 1021 2174 Olympiadem
1040 2097 1167 2175 primam
1186 2091 1243 2150 soli
1262 2090 1342 2150 duo-

252 2177 362 2236 decim:
384 2179 427 2235 ita
442 2178 581 2236 Eusebius
596 2178 634 2237 ad
645 2199 756 2236 annum
770 2178 906 2238 Abrahae
919 2179 992 2251 460.

328 2275 402 2358 Ἒιη
423 2275 455 2340 δὲ
475 2275 563 2359 ψλ’.],
586 2281 739 2360 Olympias
766 2281 884 2358 prima,
911 2278 1036 2338 authore
1059 2277 1203 2356 Georgio,
1233 2275 1341 2336 mundi

252 2362 347 2430 4726.
368 2363 552 2439 instituitur,
581 2365 617 2422 ad
634 2384 720 2442 quem
742 2363 778 2422 uh
796 2365 904 2422 ultimo
919 2363 1057 2444 Cecropis
1076 2373 1107 2422 et
1125 2361 1229 2422 aruitdi
1243 2360 1338 2429 3994.

250 2448 351 2510 fluunt
365 2447 454 2506 medii
473 2452 544 2513 731.
560 2447 630 2508 anni
642 2469 659 2506 ο
672 2449 769 2528 primo
786 2451 859 2513 781.

332 2544 467 2629 Ἀθήνας
490 2547 543 2623 τοὶς
569 2550 622 2613 καί
651 2546 799 2632 Atriden]
834 2548 1017 2609 Adversatur
1043 2547 1191 2625 Scaliger,
1217 2553 1248 2605 et
1270 2547 1339 2608 Not.

247 2655 314 2716 pag.
338 2638 390 2701 28.
421 2635 595 2714 proditurus
623 2636 795 2698 Eusebium.
845 2635 927 2708 Imo,
955 2631 1072 2713 inquit,
1097 2632 1179 2692 Dius
1206 2631 1342 2691 Abantis

247 2721 378 2779 Alconis
394 2729 421 2776 et
431 2720 604 2779 Arethusae
609 2723 715 2798 frater
725 2723 785 2780 lum
796 2720 935 2778 Athenas
950 2715 1103 2794 condidit,
1119 2733 1180 2775 ἰιοιι
1196 2716 1341 2794 Cecrops:

248 2803 333 2864 nude
343 2805 451 2864 volunt
464 2805 591 2864 Diades
605 2811 851 2884 cognominatas,
872 2815 907 2863 nt
917 2803 956 2862 ab
963 2804 1093 2862 Athenis
1103 2804 1218 2862 Atticis
1231 2800 1342 2859 distin·

246 2901 428 2970 guerentnr:
451 2891 533 2947 alias
552 2890 727 2969 Cecropides
743 2893 973 2969 cognominatae
984 2890 1131 2965 fuissent.
1173 2886 1253 2944 Haeo
1271 2885 1339 2942 illct

250 2985 421 3054 quotsmen
438 2981 510 3032 teste
527 2966 652 3053 dubium
670 2975 826 3050 dissolvat,
849 2995 908 3032 non
928 2975 1052 3051 profert„
1095 2972 1255 3030 Pstrouum
1276 2969 1341 3027 Eu·

215 3069 218 3080 ¹
249 3060 325 3120 schii
340 3059 401 3137 agit
416 3058 521 3117 Strabo
536 3059 588 3120 lib.
605 3063 653 3124 10.
669 3060 757 3137 Geog.
772 3069 802 3117 et
816 3057 894 3117 unde
909 3055 1094 3115 Euboeenses
1116 3051 1250 3113 Athenae
1270 3055 1342 3112 nis-

250 3145 319 3218 des,
342 3154 372 3203 et
390 3164 406 3200 a
423 3142 530 3221 quibus
546 3144 682 3202 cotiditoe
697 3143 801 3222 paucis
821 3139 963 3202 edisserit.
1008 3139 1068 3201 ἔστι
1083 3136 1116 3202 dl
1130 3137 1182 3200 καὶ
1196 3143 1238 3220 τῷ
1249 3131 1343 3222 Ὠρεῷ

250 3226 346 3312 τούτῳ
361 3224 402 3304 τό,
423 3241 454 3289 τε
466 3222 605 3307 Κιίναιον
618 3231 754 3308 πλησίον,
771 3227 824 3289 καὶ
836 3221 887 3288 ἐπ’
901 3219 980 3309 step
993 3221 1027 3287 cd
1039 3231 1125 3299 Δῖον,
1146 3223 1199 3285 καί
1211 3219 1342 3302 Ἀθῆναι

252 3313 287 3374 oi
299 3309 416 3386 Διοίᾶες.
436 3315 543 3392 κτίσμα
552 3307 732 3392 Ἀθηναίων,
746 3311 960 3393 ὑπερκείμενον
974 3312 1030 3371 τοῦ
1042 3308 1093 3372 ἐπὶ
1107 3311 1231 3371 Καῦνον
1246 3313 1342 3388 πορθ-

164 3413 165 3418 ’
252 3403 322 3477 posi.
369 3399 444 3457 Oreo
459 3395 606 3458 Cenaeum
615 3401 859 3476 promontorium
871 3406 914 3454 est
926 3397 1077 3470 vicinum,
1100 3405 1128 3452 et
1143 3391 1188 3451 ud
1200 3390 1282 3452 illud
1294 3393 1342 3448 si·

252 3492 319 3540 tom
332 3484 450 3557 Dium,
471 3494 562 3562 atque
575 3484 713 3541 Athenae
725 3481 861 3558 Diades,
883 3480 923 3540 ab
936 3477 1170 3539 Atheniensibus
1185 3474 1343 3536 conditum

252 3565 396 3646 oppidum
407 3570 626 3643 suprafretnm
646 3567 750 3626 Contio
760 3571 978 3647 propinquum.

304 3721 305 3732 ρ
334 3643 408 3727 Ἀφ’
422 3643 460 3711 οὗ
470 3645 640 3729 “stenen
664 3652 704 3710 Ut
719 3645 778 3715 οίπὸ
789 3657 844 3714 τοῦ
848 3646 994 3727 Ἕλληνος
1008 3642 1115 3704 Graeci
1130 3642 1278 3719 Hellenos,
1298 3641 1342 3701 ita

251 3727 314 3800 sind
330 3739 386 3797 τοῦ
406 3739 538 3876 Γρριικοῦ
551 3734 681 3795 Thessali
699 3735 761 3794 lilio
776 3733 901 3816 Γραικοὶ
918 3729 1094 3810 nuncupati.
1112 3726 1232 3788 Author
1250 3747 1343 3808 supra

271 3823 412 3886 s.126.
460 3863 468 3881 .

248 3839 307 3902 Ν
332 3898 548 3985 Ἀμπελουργία
569 3898 629 3964 sind
642 3900 825 3974 Διονυσίου,
854 3893 921 3980 ου’χὶ
939 3904 996 3963 τοῦ
1014 3897 1047 3962 ἐκ
1062 3895 1214 3977 Σεμέλης]
1237 3895 1342 3959 Cicero

250 3989 288 4052 de
303 3990 369 4050 Nat.
391 3989 476 4049 Deor.
499 3988 630 4069 quinque
643 3985 802 4066 Dionysius
817 3993 985 4047 enumerat:
1014 3983 1137 4046 consule
1149 3982 1217 4063 quis
1238 4001 1343 4044 eorum

250 4074 405 4138 vitisator.
782 4135 784 4137 ,

262 4194 263 4197 ¹
340 4163 390 4240 Τῷ
403 4151 458 4238 με’.
472 4157 529 4221 ἔτει
541 4151 722 4239 Κέκροπος]
744 4153 826 4214 Haec
845 4153 987 4214 adversus
1004 4151 1162 4214 Eusebium
1179 4172 1198 4211 s
1213 4151 1342 4230 Georgio

250 4243 363 4322 scripta
378 4263 439 4302 non
458 4241 655 4310 dissimulavit
677 4241 806 4320 Scaliger
819 4239 889 4303 Not.
904 4259 970 4319 pag.
982 4241 1033 4304 31.
1049 4247 1080 4298 et
1092 4239 1164 4305 253.
1181 4257 1256 4316 quae
1273 4256 1344 4296 cum

250 4337 320 4408 post
335 4329 497 4388 Teutaeum
513 4329 702 4408 Assyriorum
713 4346 812 4406 regem
826 4331 878 4393 28.
891 4333 921 4384 et
938 4325 1101 4404 Crotopum
1116 4323 1296 4400 Arbdvornm
1312 4324 1343 4388 8.

252 4413 360 4474 τοίοισι
371 4432 438 4495 pag.
456 4422 556 4476 textus
569 4411 676 4477 Euseb.
692 4419 743 4482 26.
756 4410 897 4495 pristinis
906 4419 1036 4494 postera,
1057 4418 1088 4470 et
1100 4410 1224 4488 antiqno
1235 4425 1344 4468 recen-
