3109 4959
290 415 367 501 538
657 427 1006 509 EMENDATIONES

289 586 459 670 oppositus·
481 584 525 647 its
544 594 575 649 et
595 584 769 668 posterioris
789 585 827 646 ab
847 585 968 647 Asidaei
983 587 1125 652 videlieet
1146 590 1321 671 primordiis
1341 595 1380 656 sd

289 671 415 749 Augusti
436 672 567 753 auspicia
582 671 725 753 proprius
745 679 791 731 est
808 670 917 733 iterum
935 674 1038 733 Canon
1056 674 1295 754 Ecclesiasticus,
1327 679 1380 757 qui

290 754 372 835 quod
387 756 569 856 Scripturas
571 767 601 817 et
615 756 755 817 historice
766 776 866 817 morae
882 758 1065 837 scriptorum
1085 762 1218 821 calculos
1240 773 1381 843 ιοιιιιιιιιιι

289 860 399 899 nomen
421 840 503 900 istud
522 842 620 923 primo
640 841 762 902 sortitus
784 851 838 902 est.
878 842 966 902 Hunc
985 844 1097 922 ubique
1115 846 1259 923 Georgius
1279 857 1381 909 nostor

288 926 424 1006 profert,
445 934 476 985 et
492 925 555 987 eius
566 947 707 987 numeros
722 927 878 1005 amplexus
891 948 909 985 a
922 926 1057 1009 Philippi
1072 930 1191 990 Ariduei
1208 929 1342 1007 Thot,
1317 954 1381 993 sivo

288 1010 326 1069 ab
341 1009 506 1070 Alexandri
518 1012 601 1073 obitu
620 1012 658 1070 od
671 1010 864 1070 Actiacorum
883 1032 1032 1072 annorum
1046 1013 1126 1074 'lbet
1144 1016 1270 1085 slterum
1287 1026 1317 1074 et
1330 1038 1380 1076 re-

287 1104 432 1154 novatum
453 1096 579 1174 Augusti
599 1096 758 1176 imperium
772 1096 863 1155 modo
877 1099 949 1162 298.
971 1097 1059 1156 modo
1074 1102 1147 1165 300.
1166 1120 1381 1179 ιιοιιιιιιιιιιιιιιιι

287 1198 327 1239 ox
342 1179 483 1240 Africano
499 1184 571 1247 302.
587 1200 681 1238 annos
696 1178 827 1255 colligit:
850 1178 887 1238 de
907 1180 1016 1260 quibus
1035 1182 1074 1242 ad
1089 1203 1156 1264 pag.
1171 1187 1245 1250 303.
1260 1194 1291 1245 st
1307 1185 1381 1252 324.

288 1264 451 1340 Caeterum,
474 1286 509 1324 eo
523 1264 639 1340 relicto,
661 1264 745 1343 quod
758 1264 932 1325 Panodorus
946 1274 1048 1325 utatur
1058 1268 1268 1329 Astronomico
1283 1268 1382 1329 Claro-

286 1348 466 1427 nograpbice
488 1350 656 1409 sacratioris
677 1348 806 1408 violatae
831 1368 899 1409 reus
919 1351 1097 1429 postulatur.
1146 1353 1287 1412 Criminis
1308 1352 1381 1415 baec

286 1432 452 1507 l‘anodori,
474 1442 504 1493 et
527 1436 620 1494 tetius
637 1434 757 1511 Georgii
776 1435 1039 1510 argumentationis
1052 1456 1167 1494 summa
1188 1447 1219 1496 et
1238 1439 1381 1517 explana-

287 1516 340 1575 tio.
382 1517 517 1577 Aliud
493 1538 554 1578 erus
569 1528 773 1597 argumentum
789 1518 914 1578 inferius
931 1518 1088 1582 indicabas
1108 1520 1259 1582 Panodori
1273 1522 1382 1583 viudi-

287 1601 349 1660 cius
360 1601 459 1709 apud
458 1604 609 1663 Petuvium
622 1603 761 1681 legendas
775 1623 860 1682 rogo.

373 1680 483 1750 Καθ’
477 1712 493 1751 ο
485 1686 572 1762 ἔτος
587 1688 638 1751 καὶ
652 1686 669 1751 ὅ
686 1683 840 1763 Κλαύδιος
860 1691 1046 1769 Πτολεμαῖος
1063 1685 1120 1771 τήν
1132 1693 1193 1753 ταῖν
1213 1692 1381 1773 ιἰροχείρων

285 1764 427 1834 κανόνων
441 1774 639 1855 ψηῳιφορίαν
653 1769 710 1853 insi
714 1770 810 1854 ξ.αιο]
833 1774 989 1851 Scaliger
980 1794 1013 1832 ιιι
1027 1774 1135 1834 baec
1115 1777 1205 1835 rerba
1220 1799 1286 1856 pag.
1307 1784 1380 1844 261.

265 1899 267 1902 -
286 1855 410 1936 [irrigue
422 1855 583 1957 delirium,
607 1862 639 1917 P
636 1860 814 1916 telemacum
833 1859 1049 1938 Astrologurn,
1078 1882 1134 1939 qus
1129 1863 1206 1919 s'ub
1223 1864 1380 1921 Antonino

283 1943 346 2000 Pio
366 1944 536 2021 scripserit,
566 1944 724 2023 aequalem
752 1942 895 2023 Philippo
921 1942 1058 2003 Aridaeo
1075 1948 1193 2021 fucere.
1243 1947 1380 2008 Petavius

285 2025 338 2085 lib.
366 2032 415 2092 10.
438 2027 475 2087 de
495 2030 636 2088 Doctrina
660 2030 842 2107 Temporum
864 2029 964 2107 capite
981 2028 1098 2090 ultimo.
1144 2032 1267 2090 (belum
1285 2044 1381 2089 terras

284 2113 388 2169 miscet
407 2112 572 2193 Georgius,
594 2136 632 2173 ac
651 2124 849 2173 trecentorum
865 2116 934 2192 fere
956 2134 1107 2173 mersorum
1130 2119 1248 2174 interna
1250 2118 1291 2175 tto
1317 2116 1381 2175 dis·
1393 2136 1396 2142 ’

284 2197 349 2251 sita
369 2202 528 2294 componit.
570 2199 685 2258 Parcite
704 2198 851 2261 benevoli.
889 2192 967 2260 καθ’
988 2194 1093 2272 ὃέιος
1106 2196 1257 2273 Κλαύδιος
1278 2202 1380 2278 ἔζησεν

284 2297 347 2337 uon
376 2281 497 2361 scripsit
519 2284 679 2361 Georgius,
708 2284 760 2342 sed
785 2279 864 2345 καθ’
886 2279 905 2346 b
932 2282 997 2355 ἔτας
1018 2288 1217 2362 ψηφιφορίαν
1240 2283 1379 2363 ἕιιήξιιιο.

286 2363 544 2444 Quandocumque
555 2368 666 2425 uixerit
682 2367 880 2441 Ptolemaeus,
903 2369 957 2427 sub
972 2367 1126 2425 Antonino
1150 2370 1203 2427 Pio
1228 2369 1378 2443 videlicet,

273 2468 320 2527 eo
333 2458 467 2528 tempore
485 2449 522 2507 ad
536 2448 664 2546 Philippi
677 2450 799 2507 Aridaci
813 2469 924 2508 annum
944 2452 1077 2527 primum
1093 2453 1299 2548 expeditorum
1316 2454 1378 2509 Ce-

285 2552 398 2592 nonum
412 2533 568 2594 ratiocinia
590 2532 844 2607 accommodavit,
868 2544 898 2591 et
912 2535 949 2591 ad
962 2554 1072 2591 anitum
1089 2535 1244 2594 ratiocinia
1257 2556 1378 2595 accom-

285 2618 435 2696 modavit,
456 2628 485 2678 et
504 2618 542 2677 ad
559 2639 671 2677 annum
686 2618 810 2678 eundem
823 2618 921 2679 uoluit
935 2617 1042 2678 delixa.
1063 2619 1122 2678 Ubi
1136 2619 1297 2680 delirium?
1320 2620 1379 2680 Ubi

285 2713 453 2784 temporum
469 2703 675 2783 perturbatio?

369 2790 436 2866 Peg
457 2794 529 2855 327.
553 2792 692 2852 Iivoosrn
710 2755 1281 2872 suist-1}m}d.debueratcolligere:
1307 2790 1378 2869 lieg.

285 2869 352 2931 vat.
367 2873 453 2930 Barb.
466 2875 527 2933 Pal.
545 2884 574 2931 et
590 2875 688 2935 Percu.
704 2850 797 2930 Codd
813 2892 874 2929 una
891 2872 947 2930 suit
962 2892 1064 2932 errans
1079 2874 1180 2933 lectio.

367 2954 419 3028 ‘ng
432 2952 490 3037 πρὸ
513 2961 569 3017 τοῦ
582 2953 638 3037 pp'.
655 2957 762 3033 treug]
785 2956 889 3013 Telum
907 2957 1012 3013 aliud
1003 2978 1035 3015 ιιι
1052 2958 1240 3017 Panodoruin
1258 2967 1379 3039 torquet

284 3039 445 3118 Georgius,
466 3049 497 3099 at
512 3062 598 3119 quam
613 3041 732 3099 imbelle
748 3050 778 3099 et
793 3040 855 3097 sine
871 3039 944 3097 ictu.
967 3040 1129 3117 Actiacum,
1151 3043 1262 3119 inquit,
1282 3044 1379 3103 victo·

284 3124 361 3185 riam
375 3128 467 3185 relect
479 3126 652 3186 Panodorus
666 3124 704 3183 ed
718 3144 831 3183 annum
847 3126 948 3182 inundi
965 3127 1058 3190 5464.
1073 3147 1159 3204 orgo,
1180 3128 1288 3203 insert,
1309 3137 1379 3188 ants

161 3222 162 3225 ’
283 3209 410 3286 Augusti
426 3210 477 3277 43.
494 3211 603 3271 Christi
616 3212 741 3270 tratslem
758 3230 870 3269 annum
886 3219 1022 3267 numeret
1035 3229 1152 3269 necesse
1166 3220 1224 3287 est,
1246 3212 1378 3289 intelligo

285 3304 354 3351 ante
368 3296 473 3353 mundi
488 3299 581 3363 5500.
595 3317 683 3376 ιιιιιιιι
705 3294 911 3355 Ecclesiasticus
921 3294 1044 3353 truditis
1061 3296 1172 3357 Christi
1186 3300 1317 3356 adventu
1335 3307 1377 3355 te·

284 3386 337 3437 net
354 3390 580 3442 consecratum:
607 3382 688 3461 quod
711 3380 796 3439 nullo
819 3380 936 3457 sregutio
957 3380 1099 3439 concedet
1121 3382 1305 3456 Panodorus,
1325 3378 1376 3457 qui

284 3462 405 3521 Domini
426 3473 527 3523 ortum
550 3486 587 3524 ex
608 3466 818 3525 blathematico
841 3466 959 3522 Canone
980 3466 1066 3526 annls
1085 3475 1198 3549 septem
1209 3464 1375 3547 praevenit:

285 3555 316 3608 et
326 3567 344 3605 a
356 3547 459 3606 mundi
476 3550 598 3608 conditu
613 3552 705 3617 5403.
721 3550 930 3610 celebrandum
942 3549 1037 3608 docet.

371 3627 507 3693 Auarici
530 3656 607 3719 εφι.
591 3630 627 3713 ’]
657 3634 775 3694 Autlior
800 3634 897 3715 seipso
921 3633 1103 3694 emendatior
1119 3633 1223 3692 scribit
1249 3632 1374 3691 inferius

285 3710 369 3803 εφς’.
396 3718 456 3776 Sex
473 3717 551 3776 eninr
571 3739 662 3796 supra
683 3723 734 3785 50.
755 3720 881 3799 Augusti
901 3718 1031 3779 &esuris
1046 3718 1180 3777 amundi
1198 3718 1291 3784 5451.
1312 3717 1374 3777 labi

285 3778 365 3883 cepti
380 3823 443 3861 non
456 3802 514 3861 nisi
534 3804 848 3869 conuenienter.

370 3883 467 3950 Μόνα
485 3883 542 3969 poio
566 3882 625 3950 αἰιό
643 3892 697 3959 ταῖς
716 3883 811 3967 αοίἦς
825 3886 1029 3968 καθαιρέσεως
1049 3878 1105 3965 py'·
1128 3883 1201 3963 trip]
1225 3884 1375 3945 Christum

284 3991 364 4031 anno
382 3973 513 4032 Caesaris
526 3972 645 4050 Augusti
660 3973 711 4037 43.
726 3971 855 4031 bumana
871 3993 961 4032 carne
981 3971 1140 4045 indutum,
1162 3979 1192 4028 et
1209 3970 1374 4045 Augustum

283 4066 353 4135 post
365 4057 486 4157 imperii,
495 4060 603 4133 totius,
624 4055 756 4117 Antonio
779 4058 913 4131 devicto,
936 4055 1048 4114 obtenti
1063 4074 1175 4113 annum
1196 4056 1309 4135 pariter
1322 4058 1373 4122 43.

283 4140 439 4220 obiisse,
429 4144 502 4223 ipsis
519 4163 665 4202 annorum
685 4143 817 4199 numeris
840 4143 1017 4199 declaratur.
1060 4140 1201 4219 Suscepit
1220 4141 1297 4200 enim
1319 4140 1375 4197 im-

283 4226 399 4306 perium
423 4229 572 4306 Augustus
594 4248 673 4286 enno
695 4226 960 4293 5458.ve15459.
984 4223 1119 4283 Christus
1138 4235 1312 4284 serenatus
1331 4232 1375 4281 est

283 4331 364 4369 surio
377 4314 471 4379 5500.
485 4313 534 4372 vol
548 4314 641 4379 5501.
658 4332 693 4370 ac
707 4312 787 4371 inter
807 4320 969 4388 utrumque
984 4309 1109 4387 limitem
1130 4311 1222 4369 medii
1236 4319 1306 4370 sunt
1323 4306 1373 4372 43.

285 4395 438 4473 Augustus
457 4397 566 4459 iterum
589 4418 627 4459 ex
647 4395 782 4459 Africam
805 4395 928 4456 calculis
954 4394 1267 4476 subiecit.Aegyptum
1295 4411 1372 4451 aurio
