3109 4959
267 457 344 533 486
607 517 609 520 -
635 461 980 534 mtsnnrrromss

265 625 370 704 utique
389 624 423 684 iu
437 621 539 684 mundi
555 620 647 689 4880.
660 620 740 695 fixo,
761 629 868 700 quarto
883 620 917 680 iu
929 619 1062 679 eiusdem
1073 617 1179 679 mundi
1191 618 1286 685 4888.
1309 619 1354 677 sic

265 707 391 786 colligit.
431 706 459 767 A
474 705 578 768 mundi
598 707 691 773 4883.
713 726 771 786 quo
785 705 896 765 loacim
908 724 1004 765 annus
1017 713 1141 782 quartus
1151 701 1226 779 init,
1247 702 1354 780 reliqui

266 803 339 853 sunt
361 792 489 852 eiusdem
512 791 624 851 Ioacim
639 789 711 850 anui
730 798 815 850 octo:
843 789 907 870 ipse
924 789 1069 868 siquidem
1085 797 1208 867 quartus
1224 786 1275 845 dat
1297 786 1355 844 toti

266 896 389 938 numero
407 877 603 958 principium:
630 874 786 935 lechoniae
801 885 862 935 tres
880 873 937 934 soli
956 893 1072 933 menses
1094 867 1208 957 (habita
1226 871 1356 929 maxima

265 960 387 1022 alterius
409 960 580 1035 leobanius,
607 960 662 1040 qui
682 958 824 1036 loachaa,
852 959 944 1020 trium
966 958 1114 1017 mensium
1138 955 1295 1030 memoria,
1323 962 1357 1014 et

266 1064 332 1108 eam
344 1047 383 1106 ob
400 1043 615 1126 reassumpsit,
634 1048 697 1107 auin
710 1038 767 1106 driu
777 1041 922 1123 ’lexovios
939 1040 1060 1123 bocla)
1082 1041 1114 1100 iu
1129 1042 1264 1098 confesso
1275 1048 1356 1114 suut,

205 1141 214 1153 ‘
266 1139 418 1212 etanrmm
437 1149 613 1210 componere
630 1128 840 1191 aestimanturs
862 1127 998 1188 Sedecise
1011 1133 1178 1206 sequuntur
1198 1123 1354 1183 undecim:

265 1213 540 1276 Nabuchodonosor
555 1213 608 1280 24·
629 1210 793 1273 blesodacb
805 1212 950 1291 quinque,
972 1212 1106 1270 Baltasar
1120 1219 1197 1283 tres,
1218 1205 1357 1285 Astyagis

266 1300 473 1380 septemdecim
480 1299 491 1357 s
511 1299 584 1377 Cyri
595 1316 689 1356 uuuss
710 1316 825 1355 summa
838 1300 889 1360 70.
904 1317 921 1353 a
936 1294 1041 1353 mundi
1057 1295 1149 1358 4883.
1164 1291 1310 1372 incipiens
1325 1299 1357 1349 et

266 1383 300 1443 in
324 1383 428 1443 mundi
451 1383 544 1448 4925.
566 1379 711 1439 desinens.
746 1373 857 1441 ciconia
877 1398 917 1437 ex
935 1377 1042 1437 vitioso
1064 1377 1181 1436 adculo
1205 1394 1356 1454 emergens

267 1466 436 1530 declaratur
448 1464 482 1525 in
496 1464 574 1525 notis
588 1463 625 1523 ad
639 1483 703 1545 pag.
717 1467 790 1530 220.
808 1471 839 1521 et
852 1463 923 1531 221.
941 1461 1115 1521 scribendis.

356 1545 396 1614 Td
416 1543 447 1615 d’
462 1543 534 1614 adad
546 1542 598 1634 ay‘.
614 1546 701 1626 laon]
724 1546 971 1627 Septuagenarius
991 1545 1152 1605 Hebraicae
1174 1541 1357 1623 captivitatis

267 1653 410 1696 numerus
427 1655 490 1694 non
504 1655 564 1694 uno
579 1633 668 1693 modo
683 1632 853 1692 intellectus
869 1632 1026 1691 distractas
1039 1650 1057 1688 a
1068 1650 1101 1689 se
1115 1627 1246 1687 invicem
1259 1627 1358 1687 Chro-

266 1719 440 1798 uologorum
457 1718 612 1799 opiniones
634 1716 774 1778 conciliat
789 1717 868 1796 apud
886 1716 1014 1776 recentis
1032 1712 1173 1774 editionis
1190 1711 1357 1787 authorem,

267 1804 352 1864 euius
366 1823 440 1885 opus
452 1803 567 1864 Pharus
583 1811 628 1862 est
640 1801 784 1861 historiae
798 1820 910 1866 sacrae.
941 1799 1073 1876 videsis,
1095 1799 1137 1857 ait
1150 1796 1217 1871 ille,
1238 1796 1357 1873 dialogo

269 1888 320 1948 cui
344 1909 453 1948 nomen
465 1887 690 1964 Babyloniacas,
711 1905 800 1965 quam
822 1886 968 1945 concinne
981 1890 1046 1944 tota
1064 1881 1245 1962 captivitatis
1259 1881 1358 1940 Clrro-

267 1972 386 2050 nologia
402 1991 456 2052 per
466 1971 620 2032 sabbatum
637 1969 733 2048 decies
743 1970 937 2050 replicatum,
957 1968 991 2027 id
1004 1977 1050 2028 est
1063 1988 1117 2048 per
1130 1986 1224 2024 atinus
1237 1975 1360 2044 septua-

267 2055 364 2134 ginta,
384 2057 571 2137 processerit.
611 2053 777 2116 Hieremias
790 2054 870 2113 inter
882 2061 1013 2113 caeteros
1035 2050 1197 2131 Prophetas
1215 2059 1359 2128 tanquam

267 2139 425 2216 peculiaris
450 2141 501 2200 Dei
518 2140 669 2216 minister,
696 2138 971 2221 praenuncisndam
997 2137 1109 2218 populo
1134 2135 1248 2194 cladem
1270 2135 1360 2193 enixe

267 2223 445 2303 proprieque
457 2224 594 2305 suscepit.
635 2225 732 2302 Elegit
745 2223 891 2284 Dominus
904 2222 1056 2282 Christum
1074 2240 1162 2280 suum
1177 2221 1305 2298 Cyrum,
1327 2227 1360 2277 et

269 2305 331 2365 eius
351 2305 547 2385 apprehendit
565 2309 733 2384 dexteram,
759 2318 790 2368 et
810 2328 878 2368 eum
899 2329 954 2388 per
976 2306 1085 2366 multas
1110 2305 1253 2364 victorias
1273 2303 1358 2382 quasi

269 2409 360 2450 manu
375 2389 534 2450 deduceret
553 2391 592 2448 ad
606 2391 810 2468 depellendam
827 2413 844 2449 a
862 2393 973 2472 populo
986 2390 1170 2451 servitutem.
1212 2389 1257 2447 Ab
1278 2408 1358 2444 ariao

219 2509 222 2514 ,
268 2473 362 2534 Ioaiae
387 2472 623 2550 decimotertio,
645 2493 705 2551 qao
727 2473 889 2534 Hieremias
913 2476 1026 2552 virgam
1037 2473 1211 2547 vigilantem
1226 2480 1258 2527 et
1268 2470 1360 2529 ollam

268 2576 441 2618 succensam
454 2557 542 2631 vidit,
563 2556 840 2638 impendentemquu
852 2558 963 2636 populo
978 2557 1172 2615 calamitatem
1188 2552 1361 2632 praedicare

269 2644 381 2724 coepit,
403 2641 442 2702 ad
456 2644 584 2722 Cyrum,
608 2640 680 2700 anni
692 2641 875 2721 septuaginta
889 2649 1093 2700 numerantur.
1134 2636 1162 2697 A
1177 2638 1266 2696 tertio
1279 2659 1360 2696 anno

268 2725 406 2804 loacimi,
434 2747 492 2806 quo
514 2725 653 2806 captivus
671 2726 853 2805 Babylonem
876 2725 1025 2784 abductus
1046 2734 1108 2800 ost,
1134 2723 1173 2781 ad
1192 2723 1319 2782 solutam
1339 2747 1358 2782 a

269 2811 347 2888 Cyro
364 2811 583 2891 captivitatem,
604 2810 674 2870 suni
685 2809 881 2890 septuaginta.
922 2808 947 2869 A
972 2807 1230 2887 transmigratione
1254 2807 1359 2867 lecbo.

269 2895 350 2969 uiae,
372 2904 406 2953 ut
421 2893 493 2954 mibi
507 2895 776 2974 probabilissimum
791 2894 931 2971 videtur,
953 2893 991 2952 ad
1005 2892 1137 2953 Eutherio
1151 2893 1291 2971 nuptias,
1312 2892 1358 2951 al-

270 2986 368 3036 terum
383 2977 528 3038 libertatis
545 2979 679 3037 ludaieae
694 2988 785 3058 caput
799 2979 870 3039 anni
884 2979 1078 3058 septuaginta.
1121 2981 1145 3036 A
1166 2978 1272 3056 templi
1286 2997 1359 3036 con-

268 3061 442 3140 flagratione
449 3107 458 3138 ,
480 3062 519 3120 ad
538 3082 647 3123 aurnum
667 3062 748 3122 Darii
763 3062 943 3135 secundum,
964 3083 1023 3139 quo
1042 3062 1187 3140 templum
1208 3062 1360 3122 aedificari

271 3146 370 3205 denuo
385 3147 501 3226 coepit,
523 3145 594 3205 anni
616 3145 811 3225 septuaginta.
853 3146 879 3205 A
902 3145 1143 3206 vicesimotertio
1157 3146 1360 3206 Nabuchodo-

269 3231 387 3290 nosoris
401 3251 489 3306 atino,
506 3250 564 3309 quo
579 3229 851 3308 contigit-omnium
865 3240 1011 3310 postrema
1021 3230 1186 3310 captivitas,
1202 3231 1241 3291 ad
1254 3229 1360 3308 templi

272 3314 517 3375 substructionem
533 3335 611 3374 anno
629 3315 708 3374 llarii
725 3325 810 3376 sexto
825 3317 1001 3396 perfectam,
1023 3315 1094 3374 anni
1108 3315 1242 3374 totidem.
1270 3313 1359 3373 'l'oti-

273 3398 428 3477 demquea
449 3399 563 3480 nuptiis
581 3399 710 3459 Estheris
724 3401 762 3459 ad
775 3421 887 3460 aunum
906 3398 1256 3480 seqrtinrumAr·taxerxis
1277 3399 1360 3455 Lori-

273 3481 383 3559 gimani
391 3525 401 3554 ,
424 3503 484 3560 quo
497 3505 576 3542 anno
595 3483 701 3544 missus
716 3494 760 3544 cst
772 3485 806 3544 in
820 3486 957 3545 ludaeam
972 3485 1082 3544 Esdras
1094 3504 1163 3541 cum
1177 3481 1360 3560 amplissima

271 3571 418 3645 potestate
430 3576 459 3623 et
472 3567 660 3642 numeribus,
681 3589 760 3646 qnae
776 3591 827 3627 res
840 3581 868 3627 et
883 3571 1088 3627 marsiliatores
1104 3569 1171 3623 eius
1185 3564 1359 3623 obtuleruut

272 3647 336 3710 Deo
352 3648 463 3721 Israel,
483 3659 536 3706 etc.
558 3653 587 3713 1.
608 3649 693 3708 Esdr.
713 3657 743 3716 7.
766 3661 795 3710 ut
815 3653 958 3712 universis
978 3650 1187 3712 Sacerdotibus
1201 3658 1232 3708 et
1246 3648 1358 3709 [eritis

272 3742 303 3791 et
315 3732 490 3792 cantoribus
504 3741 534 3790 et
546 3731 723 3791 lanitoribus
736 3744 765 3792 et
776 3735 899 3814 reliquis
913 3736 1015 3815 templi
1028 3733 1171 3792 ministris
1183 3733 1301 3793 indulta
1314 3744 1358 3795 est

271 3816 424 3894 vectigalis
447 3815 551 3874 tributi
570 3825 600 3875 et
620 3836 754 3875 annonae
772 3817 952 3882 immunitas.
994 3818 1040 3876 Ab
1060 3838 1139 3876 arrrso
1160 3817 1239 3876 llarii
1261 3830 1356 3895 sexto,

271 3920 330 3978 quo
351 3901 496 3980 templum
517 3901 709 3959 instauratum
732 3911 789 3977 est,
821 3903 860 3962 ad
879 3901 1052 3962 vicesimum
1074 3901 1266 3979 Artaxerxis,
1297 3926 1356 3984 quo

271 3985 352 4044 muri
365 3985 549 4044 Hierusalem
565 3984 690 4042 cicatrix
704 3983 833 4043 obducta
847 3996 907 4061 eat,
929 3995 960 4052 2.
981 3986 1050 4045 lisd.
1071 4007 1135 4064 cap.
1155 3986 1185 4053 4.
1206 3990 1277 4047 anni
1298 3991 1356 4048 lla·

270 4067 308 4129 rii
323 4068 442 4148 triginta
456 4072 631 4149 supersunt,
652 4068 762 4127 Xerxis
776 4069 889 4148 viginti,
911 4072 1083 4130 Artaxerxis
1095 4072 1234 4147 totidem,
1256 4093 1272 4132 e
1286 4074 1357 4152 qui·

271 4152 327 4212 bus
345 4154 370 4214 si
383 4153 538 4213 lromadem
553 4172 640 4212 unam
654 4153 848 4226 conflaveris,
870 4154 992 4214 omnino
1013 4156 1196 4238 septuaginta
1211 4158 1356 4235 colligen-

273 4245 331 4298 tur.
373 4237 462 4299 vides
481 4239 590 4316 igitur,
612 4246 678 4295 tum
699 4237 887 4314 servitutem,
909 4249 973 4298 tum
988 4240 1168 4317 libertatem,
1189 4262 1244 4321 per
1264 4260 1355 4300 annos

273 4323 458 4401 septuaginta
470 4324 640 4383 decurrere:
663 4332 696 4380 ut
709 4317 908 4400 compleretur
920 4345 1014 4385 sermo
1032 4327 1151 4405 llomiai
1166 4346 1204 4385 ex
1215 4347 1268 4385 ore
1283 4323 1354 4384 llis-

273 4407 396 4466 remise:
424 4419 451 4466 et
474 4407 633 4466 celebraret
654 4417 734 4467 terra
755 4406 884 4468 subbata
906 4429 982 4470 suu:
1011 4411 1129 4472 cunctis
1150 4411 1230 4472 enim
1252 4409 1354 4473 diebus
